%YAML 1.1
%TAG !u! tag:unity3d.com,2011:
--- !u!1 &545145522
GameObject:
  m_ObjectHideFlags: 0
  m_CorrespondingSourceObject: {fileID: 0}
  m_PrefabInstance: {fileID: 0}
  m_PrefabAsset: {fileID: 0}
  serializedVersion: 6
  m_Component:
  - component: {fileID: 545145528}
  - component: {fileID: 2430629094215161242}
  - component: {fileID: 545145525}
  - component: {fileID: 545145526}
  - component: {fileID: 4271207573467030922}
  - component: {fileID: -4797320886730725938}
  - component: {fileID: 5663141705205478348}
  - component: {fileID: 1444247429739361153}
  - component: {fileID: 672805683}
  - component: {fileID: 3281795617146013164}
  m_Layer: 11
  m_Name: EnemyFSM
  m_TagString: Enemy
  m_Icon: {fileID: 0}
  m_NavMeshLayer: 0
  m_StaticEditorFlags: 0
  m_IsActive: 1
--- !u!4 &545145528
Transform:
  m_ObjectHideFlags: 0
  m_CorrespondingSourceObject: {fileID: 0}
  m_PrefabInstance: {fileID: 0}
  m_PrefabAsset: {fileID: 0}
  m_GameObject: {fileID: 545145522}
  m_LocalRotation: {x: 0, y: 0, z: 0, w: 1}
  m_LocalPosition: {x: 0, y: 0, z: 0}
  m_LocalScale: {x: 1, y: 1, z: 1}
  m_Children:
  - {fileID: 3721199205436217693}
  - {fileID: 3535995346935597520}
  - {fileID: 1635263651948835267}
  m_Father: {fileID: 0}
  m_RootOrder: 0
  m_LocalEulerAnglesHint: {x: 0, y: 0, z: 0}
--- !u!95 &2430629094215161242
Animator:
  serializedVersion: 3
  m_ObjectHideFlags: 0
  m_CorrespondingSourceObject: {fileID: 0}
  m_PrefabInstance: {fileID: 0}
  m_PrefabAsset: {fileID: 0}
  m_GameObject: {fileID: 545145522}
  m_Enabled: 1
  m_Avatar: {fileID: 9000000, guid: 189d8afaf3fb0294c81a6204569a9fa0, type: 3}
  m_Controller: {fileID: 9100000, guid: c3701fa8163e4304d8eabb416d8988aa, type: 2}
  m_CullingMode: 1
  m_UpdateMode: 0
  m_ApplyRootMotion: 0
  m_LinearVelocityBlending: 0
  m_WarningMessage: 
  m_HasTransformHierarchy: 1
  m_AllowConstantClipSamplingOptimization: 1
  m_KeepAnimatorControllerStateOnDisable: 0
--- !u!114 &545145525
MonoBehaviour:
  m_ObjectHideFlags: 0
  m_CorrespondingSourceObject: {fileID: 0}
  m_PrefabInstance: {fileID: 0}
  m_PrefabAsset: {fileID: 0}
  m_GameObject: {fileID: 545145522}
  m_Enabled: 1
  m_EditorHideFlags: 0
  m_Script: {fileID: 11500000, guid: f579a85ba80283e4490e747c86972c5e, type: 3}
  m_Name: 
  m_EditorClassIdentifier: 
  target: {fileID: 0}
--- !u!195 &545145526
NavMeshAgent:
  m_ObjectHideFlags: 0
  m_CorrespondingSourceObject: {fileID: 0}
  m_PrefabInstance: {fileID: 0}
  m_PrefabAsset: {fileID: 0}
  m_GameObject: {fileID: 545145522}
  m_Enabled: 1
  m_AgentTypeID: 0
  m_Radius: 0.5
  m_Speed: 1
  m_Acceleration: 8
  avoidancePriority: 50
  m_AngularSpeed: 120
  m_StoppingDistance: 1.2
  m_AutoTraverseOffMeshLink: 1
  m_AutoBraking: 1
  m_AutoRepath: 1
  m_Height: 2
  m_BaseOffset: 0
  m_WalkableMask: 4294967295
  m_ObstacleAvoidanceType: 4
--- !u!136 &4271207573467030922
CapsuleCollider:
  m_ObjectHideFlags: 0
  m_CorrespondingSourceObject: {fileID: 0}
  m_PrefabInstance: {fileID: 0}
  m_PrefabAsset: {fileID: 0}
  m_GameObject: {fileID: 545145522}
  m_Material: {fileID: 0}
  m_IsTrigger: 1
  m_Enabled: 0
  m_Radius: 0.8386533
  m_Height: 1.9311726
  m_Direction: 1
  m_Center: {x: 0, y: 0.83000004, z: 0.23397923}
--- !u!114 &-4797320886730725938
MonoBehaviour:
  m_ObjectHideFlags: 0
  m_CorrespondingSourceObject: {fileID: 0}
  m_PrefabInstance: {fileID: 0}
  m_PrefabAsset: {fileID: 0}
  m_GameObject: {fileID: 545145522}
  m_Enabled: 1
  m_EditorHideFlags: 0
  m_Script: {fileID: 11500000, guid: cee4fcb672c539348910993a1af2bb87, type: 3}
  m_Name: 
  m_EditorClassIdentifier: 
  anim: {fileID: 2430629094215161242}
  distanceToPlayer: 0
  minPlayerDetectDistance: 20
  minAtkDistance: 0
  player: {fileID: 0}
  rayDirection: {x: 0, y: 0, z: 0}
  canAtk: 0
  Enemy_Finder: []
  visible_enemy: []
  agente: {fileID: 545145525}
  NavM: {fileID: 545145526}
  npc: {fileID: 545145522}
  playerLayer:
    serializedVersion: 2
    m_Bits: 1024
  vida: 1
  atk: 10
  speed: 2
  coll: {fileID: 4271207573467030922}
  coll2: {fileID: 0}
  IsPursuit: 0
  IsAtk: 0
  IsDying: 0
  typeAtack: 0
--- !u!114 &5663141705205478348
MonoBehaviour:
  m_ObjectHideFlags: 0
  m_CorrespondingSourceObject: {fileID: 0}
  m_PrefabInstance: {fileID: 0}
  m_PrefabAsset: {fileID: 0}
  m_GameObject: {fileID: 545145522}
  m_Enabled: 1
  m_EditorHideFlags: 0
  m_Script: {fileID: -36112512, guid: 5b00bf8b25851d440940a40ec23344f4, type: 3}
  m_Name: 
  m_EditorClassIdentifier: 
  _sceneGuid: 
  _serializerGuid: 13e4bf8e-b57b-49e2-9174-4072b282dc88
  _prefabId: 1
  _updateRate: 1
  _autoFreezeProxyFrames: 0
  _clientPredicted: 1
  _allowInstantiateOnClient: 1
  _persistThroughSceneLoads: 0
  _sceneObjectDestroyOnDetach: 1
  _sceneObjectAutoAttach: 1
  _alwaysProxy: 0
  _detachOnDisable: 1
  _allowFirstReplicationWhenFrozen: 0
  _autoRemoveChildEntities: 0
  _entityBehaviourQueryOption: 0
  _entityPriorityCalculatorQueryOption: 0
  _entityReplicationFilterQueryOption: 0
--- !u!136 &1444247429739361153
CapsuleCollider:
  m_ObjectHideFlags: 0
  m_CorrespondingSourceObject: {fileID: 0}
  m_PrefabInstance: {fileID: 0}
  m_PrefabAsset: {fileID: 0}
  m_GameObject: {fileID: 545145522}
  m_Material: {fileID: 0}
  m_IsTrigger: 0
  m_Enabled: 1
  m_Radius: 0.5
  m_Height: 1.8
  m_Direction: 1
  m_Center: {x: 0, y: 0.58, z: 0}
--- !u!114 &672805683
MonoBehaviour:
  m_ObjectHideFlags: 0
  m_CorrespondingSourceObject: {fileID: 0}
  m_PrefabInstance: {fileID: 0}
  m_PrefabAsset: {fileID: 0}
  m_GameObject: {fileID: 545145522}
  m_Enabled: 1
  m_EditorHideFlags: 0
  m_Script: {fileID: 11500000, guid: efe35d5c1f825294189f9ffdf44d8f6a, type: 3}
  m_Name: 
  m_EditorClassIdentifier: 
--- !u!54 &3281795617146013164
Rigidbody:
  m_ObjectHideFlags: 0
  m_CorrespondingSourceObject: {fileID: 0}
  m_PrefabInstance: {fileID: 0}
  m_PrefabAsset: {fileID: 0}
  m_GameObject: {fileID: 545145522}
  serializedVersion: 2
  m_Mass: 1
  m_Drag: 0
  m_AngularDrag: 0.05
  m_UseGravity: 1
  m_IsKinematic: 0
  m_Interpolate: 0
  m_Constraints: 80
  m_CollisionDetection: 0
--- !u!1 &68056778070877552
GameObject:
  m_ObjectHideFlags: 0
  m_CorrespondingSourceObject: {fileID: 0}
  m_PrefabInstance: {fileID: 0}
  m_PrefabAsset: {fileID: 0}
  serializedVersion: 6
  m_Component:
  - component: {fileID: 6278193073457685937}
  m_Layer: 11
  m_Name: mixamorig:LeftHandRing3
  m_TagString: Untagged
  m_Icon: {fileID: 0}
  m_NavMeshLayer: 0
  m_StaticEditorFlags: 0
  m_IsActive: 1
--- !u!4 &6278193073457685937
Transform:
  m_ObjectHideFlags: 0
  m_CorrespondingSourceObject: {fileID: 0}
  m_PrefabInstance: {fileID: 0}
  m_PrefabAsset: {fileID: 0}
  m_GameObject: {fileID: 68056778070877552}
  m_LocalRotation: {x: -2.7755576e-17, y: 2.7755576e-17, z: 7.70372e-34, w: 1}
  m_LocalPosition: {x: -0.029376723, y: -0.00000045458617, z: -0.00000006864757}
  m_LocalScale: {x: 1, y: 1, z: 1}
  m_Children:
  - {fileID: 3286205438557287552}
  m_Father: {fileID: 8244563161905502865}
  m_RootOrder: 0
  m_LocalEulerAnglesHint: {x: 0.5924122, y: -4.0636554, z: 31.090487}
--- !u!1 &256197077670110549
GameObject:
  m_ObjectHideFlags: 0
  m_CorrespondingSourceObject: {fileID: 0}
  m_PrefabInstance: {fileID: 0}
  m_PrefabAsset: {fileID: 0}
  serializedVersion: 6
  m_Component:
  - component: {fileID: 4950210118165737084}
  m_Layer: 11
  m_Name: mixamorig:LeftFoot
  m_TagString: Untagged
  m_Icon: {fileID: 0}
  m_NavMeshLayer: 0
  m_StaticEditorFlags: 0
  m_IsActive: 1
--- !u!4 &4950210118165737084
Transform:
  m_ObjectHideFlags: 0
  m_CorrespondingSourceObject: {fileID: 0}
  m_PrefabInstance: {fileID: 0}
  m_PrefabAsset: {fileID: 0}
  m_GameObject: {fileID: 256197077670110549}
  m_LocalRotation: {x: 0.040376287, y: -0.20833626, z: 0.21586215, w: 0.9530841}
  m_LocalPosition: {x: -0.0000000047163935, y: -0.44427872, z: -0.029821906}
  m_LocalScale: {x: 1, y: 1, z: 1}
  m_Children:
  - {fileID: 9031643597056554471}
  m_Father: {fileID: 2941549704112491839}
  m_RootOrder: 0
  m_LocalEulerAnglesHint: {x: 0.06157331, y: -25.681131, z: 26.067913}
--- !u!1 &337386100940000037
GameObject:
  m_ObjectHideFlags: 0
  m_CorrespondingSourceObject: {fileID: 0}
  m_PrefabInstance: {fileID: 0}
  m_PrefabAsset: {fileID: 0}
  serializedVersion: 6
  m_Component:
  - component: {fileID: 2941549704112491839}
  m_Layer: 11
  m_Name: mixamorig:LeftLeg
  m_TagString: Untagged
  m_Icon: {fileID: 0}
  m_NavMeshLayer: 0
  m_StaticEditorFlags: 0
  m_IsActive: 1
--- !u!4 &2941549704112491839
Transform:
  m_ObjectHideFlags: 0
  m_CorrespondingSourceObject: {fileID: 0}
  m_PrefabInstance: {fileID: 0}
  m_PrefabAsset: {fileID: 0}
  m_GameObject: {fileID: 337386100940000037}
  m_LocalRotation: {x: 0.31154305, y: -0.08028696, z: -0.03972324, w: 0.9460006}
  m_LocalPosition: {x: 0.000000004110158, y: -0.44370472, z: 0.0028464263}
  m_LocalScale: {x: 1, y: 1, z: 1}
  m_Children:
  - {fileID: 4950210118165737084}
  m_Father: {fileID: 388689736382497927}
  m_RootOrder: 0
  m_LocalEulerAnglesHint: {x: 41.90275, y: -12.41662, z: -9.9035845}
--- !u!1 &384881945812175595
GameObject:
  m_ObjectHideFlags: 0
  m_CorrespondingSourceObject: {fileID: 0}
  m_PrefabInstance: {fileID: 0}
  m_PrefabAsset: {fileID: 0}
  serializedVersion: 6
  m_Component:
  - component: {fileID: 4426186303575800150}
  m_Layer: 11
  m_Name: mixamorig:LeftHandRing1
  m_TagString: Untagged
  m_Icon: {fileID: 0}
  m_NavMeshLayer: 0
  m_StaticEditorFlags: 0
  m_IsActive: 1
--- !u!4 &4426186303575800150
Transform:
  m_ObjectHideFlags: 0
  m_CorrespondingSourceObject: {fileID: 0}
  m_PrefabInstance: {fileID: 0}
  m_PrefabAsset: {fileID: 0}
  m_GameObject: {fileID: 384881945812175595}
  m_LocalRotation: {x: -3.85186e-34, y: 1.3877788e-17, z: 2.7755576e-17, w: 1}
  m_LocalPosition: {x: -0.091045275, y: -0.00043939505, z: -0.018650847}
  m_LocalScale: {x: 1, y: 1, z: 1}
  m_Children:
  - {fileID: 8244563161905502865}
  m_Father: {fileID: 9114810424355679521}
  m_RootOrder: 3
  m_LocalEulerAnglesHint: {x: 2.967219, y: -17.233265, z: 9.267682}
--- !u!1 &458249848434805476
GameObject:
  m_ObjectHideFlags: 0
  m_CorrespondingSourceObject: {fileID: 0}
  m_PrefabInstance: {fileID: 0}
  m_PrefabAsset: {fileID: 0}
  serializedVersion: 6
  m_Component:
  - component: {fileID: 5624092263704012424}
  m_Layer: 11
  m_Name: mixamorig:RightHandPinky3
  m_TagString: Untagged
  m_Icon: {fileID: 0}
  m_NavMeshLayer: 0
  m_StaticEditorFlags: 0
  m_IsActive: 1
--- !u!4 &5624092263704012424
Transform:
  m_ObjectHideFlags: 0
  m_CorrespondingSourceObject: {fileID: 0}
  m_PrefabInstance: {fileID: 0}
  m_PrefabAsset: {fileID: 0}
  m_GameObject: {fileID: 458249848434805476}
  m_LocalRotation: {x: -6.938894e-18, y: 1.3877788e-17, z: 4.336809e-18, w: 1}
  m_LocalPosition: {x: 0.021142116, y: 0.00000015137925, z: 0.00000014793768}
  m_LocalScale: {x: 1, y: 1, z: 1}
  m_Children:
  - {fileID: 8388986586388332345}
  m_Father: {fileID: 810049849281414352}
  m_RootOrder: 0
  m_LocalEulerAnglesHint: {x: 7.6294556, y: 7.487049, z: -88.51722}
--- !u!1 &496934764464362626
GameObject:
  m_ObjectHideFlags: 0
  m_CorrespondingSourceObject: {fileID: 0}
  m_PrefabInstance: {fileID: 0}
  m_PrefabAsset: {fileID: 0}
  serializedVersion: 6
  m_Component:
  - component: {fileID: 1840877928888924281}
  m_Layer: 11
  m_Name: mixamorig:LeftHandMiddle1
  m_TagString: Untagged
  m_Icon: {fileID: 0}
  m_NavMeshLayer: 0
  m_StaticEditorFlags: 0
  m_IsActive: 1
--- !u!4 &1840877928888924281
Transform:
  m_ObjectHideFlags: 0
  m_CorrespondingSourceObject: {fileID: 0}
  m_PrefabInstance: {fileID: 0}
  m_PrefabAsset: {fileID: 0}
  m_GameObject: {fileID: 496934764464362626}
  m_LocalRotation: {x: -0.000000045695725, y: 0.000016749907, z: -0.00013949521, w: 1}
  m_LocalPosition: {x: -0.095334016, y: -0.00000033924047, z: 0.00000013937026}
  m_LocalScale: {x: 1, y: 1, z: 1}
  m_Children:
  - {fileID: 5827978307299745073}
  m_Father: {fileID: 9114810424355679521}
  m_RootOrder: 1
  m_LocalEulerAnglesHint: {x: 4.9885216, y: -10.538649, z: 13.092093}
--- !u!1 &517639536566095856
GameObject:
  m_ObjectHideFlags: 0
  m_CorrespondingSourceObject: {fileID: 0}
  m_PrefabInstance: {fileID: 0}
  m_PrefabAsset: {fileID: 0}
  serializedVersion: 6
  m_Component:
  - component: {fileID: 1946164353986675145}
  m_Layer: 11
  m_Name: mixamorig:LeftHandThumb4
  m_TagString: Untagged
  m_Icon: {fileID: 0}
  m_NavMeshLayer: 0
  m_StaticEditorFlags: 0
  m_IsActive: 1
--- !u!4 &1946164353986675145
Transform:
  m_ObjectHideFlags: 0
  m_CorrespondingSourceObject: {fileID: 0}
  m_PrefabInstance: {fileID: 0}
  m_PrefabAsset: {fileID: 0}
  m_GameObject: {fileID: 517639536566095856}
  m_LocalRotation: {x: 0, y: -0, z: -0, w: 1}
  m_LocalPosition: {x: -0.019545669, y: -0.0112850005, z: 0.011284921}
  m_LocalScale: {x: 1, y: 1, z: 1}
  m_Children: []
  m_Father: {fileID: 8291787985133145893}
  m_RootOrder: 0
  m_LocalEulerAnglesHint: {x: 0, y: 0, z: 0}
--- !u!1 &630839147738904042
GameObject:
  m_ObjectHideFlags: 0
  m_CorrespondingSourceObject: {fileID: 0}
  m_PrefabInstance: {fileID: 0}
  m_PrefabAsset: {fileID: 0}
  serializedVersion: 6
  m_Component:
  - component: {fileID: 7033115847911735813}
  m_Layer: 11
  m_Name: mixamorig:RightHandIndex1
  m_TagString: Untagged
  m_Icon: {fileID: 0}
  m_NavMeshLayer: 0
  m_StaticEditorFlags: 0
  m_IsActive: 1
--- !u!4 &7033115847911735813
Transform:
  m_ObjectHideFlags: 0
  m_CorrespondingSourceObject: {fileID: 0}
  m_PrefabInstance: {fileID: 0}
  m_PrefabAsset: {fileID: 0}
  m_GameObject: {fileID: 630839147738904042}
  m_LocalRotation: {x: 0.000000009959528, y: -0.00018763012, z: 0.0015456948, w: 0.9999988}
  m_LocalPosition: {x: 0.09108281, y: -0.0051678894, z: 0.022601163}
  m_LocalScale: {x: 1, y: 1, z: 1}
  m_Children:
  - {fileID: 2390819793936853221}
  m_Father: {fileID: 64693346530234830}
  m_RootOrder: 0
  m_LocalEulerAnglesHint: {x: -0.29672107, y: 9.248646, z: 11.956528}
--- !u!1 &675079616028884225
GameObject:
  m_ObjectHideFlags: 0
  m_CorrespondingSourceObject: {fileID: 0}
  m_PrefabInstance: {fileID: 0}
  m_PrefabAsset: {fileID: 0}
  serializedVersion: 6
  m_Component:
  - component: {fileID: 1309097996330872650}
  m_Layer: 11
  m_Name: mixamorig:Spine1
  m_TagString: Untagged
  m_Icon: {fileID: 0}
  m_NavMeshLayer: 0
  m_StaticEditorFlags: 0
  m_IsActive: 1
--- !u!4 &1309097996330872650
Transform:
  m_ObjectHideFlags: 0
  m_CorrespondingSourceObject: {fileID: 0}
  m_PrefabInstance: {fileID: 0}
  m_PrefabAsset: {fileID: 0}
  m_GameObject: {fileID: 675079616028884225}
  m_LocalRotation: {x: 0.20923363, y: 0.03996942, z: -0.022996683, w: 0.97677785}
  m_LocalPosition: {x: -0.000000002519403, y: 0.10083451, z: -0.010008043}
  m_LocalScale: {x: 1, y: 1, z: 1}
  m_Children:
  - {fileID: 4425234611793031158}
  m_Father: {fileID: 6550937466820188447}
  m_RootOrder: 0
  m_LocalEulerAnglesHint: {x: 15.95811, y: 4.5723376, z: -0.37335944}
--- !u!1 &691422964820414794
GameObject:
  m_ObjectHideFlags: 0
  m_CorrespondingSourceObject: {fileID: 0}
  m_PrefabInstance: {fileID: 0}
  m_PrefabAsset: {fileID: 0}
  serializedVersion: 6
  m_Component:
  - component: {fileID: 1538136890176894085}
  m_Layer: 11
  m_Name: mixamorig:LeftHandThumb1
  m_TagString: Untagged
  m_Icon: {fileID: 0}
  m_NavMeshLayer: 0
  m_StaticEditorFlags: 0
  m_IsActive: 1
--- !u!4 &1538136890176894085
Transform:
  m_ObjectHideFlags: 0
  m_CorrespondingSourceObject: {fileID: 0}
  m_PrefabInstance: {fileID: 0}
  m_PrefabAsset: {fileID: 0}
  m_GameObject: {fileID: 691422964820414794}
  m_LocalRotation: {x: -0.011771195, y: -0.032807633, z: -0.05317649, w: 0.99797666}
  m_LocalPosition: {x: -0.024661401, y: -0.015750492, z: 0.026824135}
  m_LocalScale: {x: 1, y: 1, z: 1}
  m_Children:
  - {fileID: 446221282774800763}
  m_Father: {fileID: 9114810424355679521}
  m_RootOrder: 4
  m_LocalEulerAnglesHint: {x: 6.2351756, y: 8.795359, z: -16.327473}
--- !u!1 &796976770968225230
GameObject:
  m_ObjectHideFlags: 0
  m_CorrespondingSourceObject: {fileID: 0}
  m_PrefabInstance: {fileID: 0}
  m_PrefabAsset: {fileID: 0}
  serializedVersion: 6
  m_Component:
  - component: {fileID: 2460294428575647831}
  m_Layer: 11
  m_Name: mixamorig:LeftForeArm
  m_TagString: Untagged
  m_Icon: {fileID: 0}
  m_NavMeshLayer: 0
  m_StaticEditorFlags: 0
  m_IsActive: 1
--- !u!4 &2460294428575647831
Transform:
  m_ObjectHideFlags: 0
  m_CorrespondingSourceObject: {fileID: 0}
  m_PrefabInstance: {fileID: 0}
  m_PrefabAsset: {fileID: 0}
  m_GameObject: {fileID: 796976770968225230}
  m_LocalRotation: {x: -0.00000019283883, y: 0.107954636, z: 0.000001793572, w: 0.9941558}
  m_LocalPosition: {x: -0.2784152, y: -0.0000008942865, z: 0.0000003745891}
  m_LocalScale: {x: 1, y: 1, z: 1}
  m_Children:
  - {fileID: 9114810424355679521}
  m_Father: {fileID: 6543415118846363443}
  m_RootOrder: 0
  m_LocalEulerAnglesHint: {x: -0.00005190145, y: 14.358935, z: 0.00019955369}
--- !u!1 &1094541582346684895
GameObject:
  m_ObjectHideFlags: 0
  m_CorrespondingSourceObject: {fileID: 0}
  m_PrefabInstance: {fileID: 0}
  m_PrefabAsset: {fileID: 0}
  serializedVersion: 6
  m_Component:
  - component: {fileID: 64693346530234830}
  m_Layer: 11
  m_Name: mixamorig:RightHand
  m_TagString: Untagged
  m_Icon: {fileID: 0}
  m_NavMeshLayer: 0
  m_StaticEditorFlags: 0
  m_IsActive: 1
--- !u!4 &64693346530234830
Transform:
  m_ObjectHideFlags: 0
  m_CorrespondingSourceObject: {fileID: 0}
  m_PrefabInstance: {fileID: 0}
  m_PrefabAsset: {fileID: 0}
  m_GameObject: {fileID: 1094541582346684895}
  m_LocalRotation: {x: 0.22138736, y: -0.0883864, z: -0.1744438, w: 0.95537686}
  m_LocalPosition: {x: 0.2832884, y: -0.0000000015814171, z: 0.00000055816014}
  m_LocalScale: {x: 1, y: 1, z: 1}
  m_Children:
  - {fileID: 7033115847911735813}
  - {fileID: 7025465728630684047}
  - {fileID: 4270175583263713524}
  - {fileID: 4155763771076007322}
  - {fileID: 4104422042263328754}
  m_Father: {fileID: 5636885393674421734}
  m_RootOrder: 0
  m_LocalEulerAnglesHint: {x: 12.996216, y: -5.66145, z: -15.21103}
--- !u!1 &1205537226831478648
GameObject:
  m_ObjectHideFlags: 0
  m_CorrespondingSourceObject: {fileID: 0}
  m_PrefabInstance: {fileID: 0}
  m_PrefabAsset: {fileID: 0}
  serializedVersion: 6
  m_Component:
  - component: {fileID: 413804488524964503}
  m_Layer: 11
  m_Name: mixamorig:LeftHandIndex3
  m_TagString: Untagged
  m_Icon: {fileID: 0}
  m_NavMeshLayer: 0
  m_StaticEditorFlags: 0
  m_IsActive: 1
--- !u!4 &413804488524964503
Transform:
  m_ObjectHideFlags: 0
  m_CorrespondingSourceObject: {fileID: 0}
  m_PrefabInstance: {fileID: 0}
  m_PrefabAsset: {fileID: 0}
  m_GameObject: {fileID: 1205537226831478648}
  m_LocalRotation: {x: -0.00000008235744, y: 0.00019845075, z: -0.0016505468, w: 0.9999986}
  m_LocalPosition: {x: -0.028830625, y: 0.00000038511968, z: -0.00000042764816}
  m_LocalScale: {x: 1, y: 1, z: 1}
  m_Children:
  - {fileID: 5046828235031742278}
  m_Father: {fileID: 4699373187313614834}
  m_RootOrder: 0
  m_LocalEulerAnglesHint: {x: 0.1478401, y: -2.7793412, z: 20.576056}
--- !u!1 &1302072923973546261
GameObject:
  m_ObjectHideFlags: 0
  m_CorrespondingSourceObject: {fileID: 0}
  m_PrefabInstance: {fileID: 0}
  m_PrefabAsset: {fileID: 0}
  serializedVersion: 6
  m_Component:
  - component: {fileID: 9114810424355679521}
  m_Layer: 11
  m_Name: mixamorig:LeftHand
  m_TagString: Untagged
  m_Icon: {fileID: 0}
  m_NavMeshLayer: 0
  m_StaticEditorFlags: 0
  m_IsActive: 1
--- !u!4 &9114810424355679521
Transform:
  m_ObjectHideFlags: 0
  m_CorrespondingSourceObject: {fileID: 0}
  m_PrefabInstance: {fileID: 0}
  m_PrefabAsset: {fileID: 0}
  m_GameObject: {fileID: 1302072923973546261}
  m_LocalRotation: {x: 0.26112783, y: -0.038796846, z: 0.12536165, w: 0.95634276}
  m_LocalPosition: {x: -0.2832884, y: -0.00000017440718, z: 0.00000037804523}
  m_LocalScale: {x: 1, y: 1, z: 1}
  m_Children:
  - {fileID: 5562524749780591659}
  - {fileID: 1840877928888924281}
  - {fileID: 8128095873952809409}
  - {fileID: 4426186303575800150}
  - {fileID: 1538136890176894085}
  m_Father: {fileID: 2460294428575647831}
  m_RootOrder: 0
  m_LocalEulerAnglesHint: {x: 14.366472, y: -5.41365, z: 11.75045}
--- !u!1 &1451370696604305683
GameObject:
  m_ObjectHideFlags: 0
  m_CorrespondingSourceObject: {fileID: 0}
  m_PrefabInstance: {fileID: 0}
  m_PrefabAsset: {fileID: 0}
  serializedVersion: 6
  m_Component:
  - component: {fileID: 3949192269089180749}
  m_Layer: 11
  m_Name: mixamorig:RightHandIndex3
  m_TagString: Untagged
  m_Icon: {fileID: 0}
  m_NavMeshLayer: 0
  m_StaticEditorFlags: 0
  m_IsActive: 1
--- !u!4 &3949192269089180749
Transform:
  m_ObjectHideFlags: 0
  m_CorrespondingSourceObject: {fileID: 0}
  m_PrefabInstance: {fileID: 0}
  m_PrefabAsset: {fileID: 0}
  m_GameObject: {fileID: 1451370696604305683}
  m_LocalRotation: {x: -0.000000007985121, y: -0.00020033873, z: 0.0016502651, w: 0.9999986}
  m_LocalPosition: {x: 0.028830625, y: -0.00000049601215, z: 0.00000040448975}
  m_LocalScale: {x: 1, y: 1, z: 1}
  m_Children:
  - {fileID: 8133357937380438593}
  m_Father: {fileID: 2390819793936853221}
  m_RootOrder: 0
  m_LocalEulerAnglesHint: {x: 4.152647, y: 7.046847, z: -63.865326}
--- !u!1 &1512057024929389255
GameObject:
  m_ObjectHideFlags: 0
  m_CorrespondingSourceObject: {fileID: 0}
  m_PrefabInstance: {fileID: 0}
  m_PrefabAsset: {fileID: 0}
  serializedVersion: 6
  m_Component:
  - component: {fileID: 4708442847895805046}
  m_Layer: 11
  m_Name: mixamorig:RightHandMiddle2
  m_TagString: Untagged
  m_Icon: {fileID: 0}
  m_NavMeshLayer: 0
  m_StaticEditorFlags: 0
  m_IsActive: 1
--- !u!4 &4708442847895805046
Transform:
  m_ObjectHideFlags: 0
  m_CorrespondingSourceObject: {fileID: 0}
  m_PrefabInstance: {fileID: 0}
  m_PrefabAsset: {fileID: 0}
  m_GameObject: {fileID: 1512057024929389255}
  m_LocalRotation: {x: -0.0000000024057394, y: 0.00000001746159, z: -0.00000091247824,
    w: 1}
  m_LocalPosition: {x: 0.036982365, y: 0.00000015066959, z: -0.00000022545524}
  m_LocalScale: {x: 1, y: 1, z: 1}
  m_Children:
  - {fileID: 7544245976052733874}
  m_Father: {fileID: 7025465728630684047}
  m_RootOrder: 0
  m_LocalEulerAnglesHint: {x: 3.9961987, y: 8.46958, z: -71.07907}
--- !u!1 &1576913529861192150
GameObject:
  m_ObjectHideFlags: 0
  m_CorrespondingSourceObject: {fileID: 0}
  m_PrefabInstance: {fileID: 0}
  m_PrefabAsset: {fileID: 0}
  serializedVersion: 6
  m_Component:
  - component: {fileID: 7825751745114493989}
  m_Layer: 11
  m_Name: mixamorig:HeadTop_End
  m_TagString: Untagged
  m_Icon: {fileID: 0}
  m_NavMeshLayer: 0
  m_StaticEditorFlags: 0
  m_IsActive: 1
--- !u!4 &7825751745114493989
Transform:
  m_ObjectHideFlags: 0
  m_CorrespondingSourceObject: {fileID: 0}
  m_PrefabInstance: {fileID: 0}
  m_PrefabAsset: {fileID: 0}
  m_GameObject: {fileID: 1576913529861192150}
  m_LocalRotation: {x: 0, y: -0, z: -0, w: 1}
  m_LocalPosition: {x: 0.0000000065082415, y: 0.17815155, z: 0.025849855}
  m_LocalScale: {x: 1, y: 1, z: 1}
  m_Children: []
  m_Father: {fileID: 6530872978353455635}
  m_RootOrder: 0
  m_LocalEulerAnglesHint: {x: 0, y: 0, z: 0}
--- !u!1 &1639401431216841201
GameObject:
  m_ObjectHideFlags: 0
  m_CorrespondingSourceObject: {fileID: 0}
  m_PrefabInstance: {fileID: 0}
  m_PrefabAsset: {fileID: 0}
  serializedVersion: 6
  m_Component:
  - component: {fileID: 2652808058313564207}
  m_Layer: 11
  m_Name: mixamorig:LeftToe_End
  m_TagString: Untagged
  m_Icon: {fileID: 0}
  m_NavMeshLayer: 0
  m_StaticEditorFlags: 0
  m_IsActive: 1
--- !u!4 &2652808058313564207
Transform:
  m_ObjectHideFlags: 0
  m_CorrespondingSourceObject: {fileID: 0}
  m_PrefabInstance: {fileID: 0}
  m_PrefabAsset: {fileID: 0}
  m_GameObject: {fileID: 1639401431216841201}
  m_LocalRotation: {x: 0, y: -0, z: -0, w: 1}
  m_LocalPosition: {x: 0.000000025080618, y: -0.0000067668298, z: 0.09278136}
  m_LocalScale: {x: 1, y: 1, z: 1}
  m_Children: []
  m_Father: {fileID: 9031643597056554471}
  m_RootOrder: 0
  m_LocalEulerAnglesHint: {x: 0, y: 0, z: 0}
--- !u!1 &1678078607181796634
GameObject:
  m_ObjectHideFlags: 0
  m_CorrespondingSourceObject: {fileID: 0}
  m_PrefabInstance: {fileID: 0}
  m_PrefabAsset: {fileID: 0}
  serializedVersion: 6
  m_Component:
  - component: {fileID: 1983517360156544228}
  m_Layer: 11
  m_Name: mixamorig:RightHandThumb3
  m_TagString: Untagged
  m_Icon: {fileID: 0}
  m_NavMeshLayer: 0
  m_StaticEditorFlags: 0
  m_IsActive: 1
--- !u!4 &1983517360156544228
Transform:
  m_ObjectHideFlags: 0
  m_CorrespondingSourceObject: {fileID: 0}
  m_PrefabInstance: {fileID: 0}
  m_PrefabAsset: {fileID: 0}
  m_GameObject: {fileID: 1678078607181796634}
  m_LocalRotation: {x: -0.011132524, y: -0.0009772705, z: 0.018305162, w: 0.99977}
  m_LocalPosition: {x: 0.02652605, y: -0.015314492, z: 0.015314456}
  m_LocalScale: {x: 1, y: 1, z: 1}
  m_Children:
  - {fileID: 7942969092621348289}
  m_Father: {fileID: 6781997396922711685}
  m_RootOrder: 0
  m_LocalEulerAnglesHint: {x: 44.52775, y: -6.269518, z: 9.61374}
--- !u!1 &1820858945211783202
GameObject:
  m_ObjectHideFlags: 0
  m_CorrespondingSourceObject: {fileID: 0}
  m_PrefabInstance: {fileID: 0}
  m_PrefabAsset: {fileID: 0}
  serializedVersion: 6
  m_Component:
  - component: {fileID: 6530872978353455635}
  m_Layer: 11
  m_Name: mixamorig:Head
  m_TagString: Untagged
  m_Icon: {fileID: 0}
  m_NavMeshLayer: 0
  m_StaticEditorFlags: 0
  m_IsActive: 1
--- !u!4 &6530872978353455635
Transform:
  m_ObjectHideFlags: 0
  m_CorrespondingSourceObject: {fileID: 0}
  m_PrefabInstance: {fileID: 0}
  m_PrefabAsset: {fileID: 0}
  m_GameObject: {fileID: 1820858945211783202}
  m_LocalRotation: {x: -0.105786234, y: 0.0014411552, z: -0.10604758, w: 0.9887169}
  m_LocalPosition: {x: 0.0000000042423185, y: 0.09617875, z: 0.016850075}
  m_LocalScale: {x: 1, y: 1, z: 1}
  m_Children:
  - {fileID: 7825751745114493989}
  - {fileID: 7496021220039460556}
  - {fileID: 2952997526699138095}
  m_Father: {fileID: 8944768574208138468}
  m_RootOrder: 0
  m_LocalEulerAnglesHint: {x: -2.057974, y: -0.2038821, z: -1.5636139}
--- !u!1 &2123871795482852832
GameObject:
  m_ObjectHideFlags: 0
  m_CorrespondingSourceObject: {fileID: 0}
  m_PrefabInstance: {fileID: 0}
  m_PrefabAsset: {fileID: 0}
  serializedVersion: 6
  m_Component:
  - component: {fileID: 8128095873952809409}
  m_Layer: 11
  m_Name: mixamorig:LeftHandPinky1
  m_TagString: Untagged
  m_Icon: {fileID: 0}
  m_NavMeshLayer: 0
  m_StaticEditorFlags: 0
  m_IsActive: 1
--- !u!4 &8128095873952809409
Transform:
  m_ObjectHideFlags: 0
  m_CorrespondingSourceObject: {fileID: 0}
  m_PrefabInstance: {fileID: 0}
  m_PrefabAsset: {fileID: 0}
  m_GameObject: {fileID: 2123871795482852832}
  m_LocalRotation: {x: 0.000000027615222, y: -0.035375066, z: -0.0044355267, w: 0.99936426}
  m_LocalPosition: {x: -0.08077778, y: -0.004886682, z: -0.03806067}
  m_LocalScale: {x: 1, y: 1, z: 1}
  m_Children:
  - {fileID: 2734535873718439957}
  m_Father: {fileID: 9114810424355679521}
  m_RootOrder: 2
  m_LocalEulerAnglesHint: {x: 6.0841756, y: -20.976385, z: 7.5585976}
--- !u!1 &2305619356612576376
GameObject:
  m_ObjectHideFlags: 0
  m_CorrespondingSourceObject: {fileID: 0}
  m_PrefabInstance: {fileID: 0}
  m_PrefabAsset: {fileID: 0}
  serializedVersion: 6
  m_Component:
  - component: {fileID: 5636885393674421734}
  m_Layer: 11
  m_Name: mixamorig:RightForeArm
  m_TagString: Untagged
  m_Icon: {fileID: 0}
  m_NavMeshLayer: 0
  m_StaticEditorFlags: 0
  m_IsActive: 1
--- !u!4 &5636885393674421734
Transform:
  m_ObjectHideFlags: 0
  m_CorrespondingSourceObject: {fileID: 0}
  m_PrefabInstance: {fileID: 0}
  m_PrefabAsset: {fileID: 0}
  m_GameObject: {fileID: 2305619356612576376}
  m_LocalRotation: {x: 0.00000006240916, y: -0.39297983, z: -9.473728e-10, w: 0.91954714}
  m_LocalPosition: {x: 0.2784152, y: -0.00000033079218, z: 0.000000116763104}
  m_LocalScale: {x: 1, y: 1, z: 1}
  m_Children:
  - {fileID: 64693346530234830}
  m_Father: {fileID: 460314626561528230}
  m_RootOrder: 0
  m_LocalEulerAnglesHint: {x: -0.0000041667977, y: -47.290047, z: 0.0000004825767}
--- !u!1 &2311219877837094077
GameObject:
  m_ObjectHideFlags: 0
  m_CorrespondingSourceObject: {fileID: 0}
  m_PrefabInstance: {fileID: 0}
  m_PrefabAsset: {fileID: 0}
  serializedVersion: 6
  m_Component:
  - component: {fileID: 6781997396922711685}
  m_Layer: 11
  m_Name: mixamorig:RightHandThumb2
  m_TagString: Untagged
  m_Icon: {fileID: 0}
  m_NavMeshLayer: 0
  m_StaticEditorFlags: 0
  m_IsActive: 1
--- !u!4 &6781997396922711685
Transform:
  m_ObjectHideFlags: 0
  m_CorrespondingSourceObject: {fileID: 0}
  m_PrefabInstance: {fileID: 0}
  m_PrefabAsset: {fileID: 0}
  m_GameObject: {fileID: 2311219877837094077}
  m_LocalRotation: {x: 0.040501337, y: 0.075123385, z: 0.004970697, w: 0.996339}
  m_LocalPosition: {x: 0.03229772, y: -0.018647088, z: 0.018647185}
  m_LocalScale: {x: 1, y: 1, z: 1}
  m_Children:
  - {fileID: 1983517360156544228}
  m_Father: {fileID: 4104422042263328754}
  m_RootOrder: 0
  m_LocalEulerAnglesHint: {x: 20.507046, y: 25.536312, z: 3.6829245}
--- !u!1 &2436908531292615495
GameObject:
  m_ObjectHideFlags: 0
  m_CorrespondingSourceObject: {fileID: 0}
  m_PrefabInstance: {fileID: 0}
  m_PrefabAsset: {fileID: 0}
  serializedVersion: 6
  m_Component:
  - component: {fileID: 8968774007139002441}
  m_Layer: 11
  m_Name: mixamorig:RightUpLeg
  m_TagString: Untagged
  m_Icon: {fileID: 0}
  m_NavMeshLayer: 0
  m_StaticEditorFlags: 0
  m_IsActive: 1
--- !u!4 &8968774007139002441
Transform:
  m_ObjectHideFlags: 0
  m_CorrespondingSourceObject: {fileID: 0}
  m_PrefabInstance: {fileID: 0}
  m_PrefabAsset: {fileID: 0}
  m_GameObject: {fileID: 2436908531292615495}
  m_LocalRotation: {x: -0.38346618, y: 0.12585771, z: 0.2599494, w: 0.8772342}
  m_LocalPosition: {x: 0.08207796, y: -0.06751662, z: -0.015995594}
  m_LocalScale: {x: 1, y: 1, z: 1}
  m_Children:
  - {fileID: 7917627407569041784}
  m_Father: {fileID: 1635263651948835267}
  m_RootOrder: 1
  m_LocalEulerAnglesHint: {x: -42.55345, y: 5.2881083, z: 27.000212}
--- !u!1 &2450587654044792821
GameObject:
  m_ObjectHideFlags: 0
  m_CorrespondingSourceObject: {fileID: 0}
  m_PrefabInstance: {fileID: 0}
  m_PrefabAsset: {fileID: 0}
  serializedVersion: 6
  m_Component:
  - component: {fileID: 7266364047403760192}
  m_Layer: 11
  m_Name: mixamorig:LeftHandMiddle4
  m_TagString: Untagged
  m_Icon: {fileID: 0}
  m_NavMeshLayer: 0
  m_StaticEditorFlags: 0
  m_IsActive: 1
--- !u!4 &7266364047403760192
Transform:
  m_ObjectHideFlags: 0
  m_CorrespondingSourceObject: {fileID: 0}
  m_PrefabInstance: {fileID: 0}
  m_PrefabAsset: {fileID: 0}
  m_GameObject: {fileID: 2450587654044792821}
  m_LocalRotation: {x: 0, y: -0, z: -0, w: 1}
  m_LocalPosition: {x: -0.028339025, y: -0.0000003893482, z: -0.00000009504223}
  m_LocalScale: {x: 1, y: 1, z: 1}
  m_Children: []
  m_Father: {fileID: 2491202981287569311}
  m_RootOrder: 0
  m_LocalEulerAnglesHint: {x: 0, y: 0, z: 0}
--- !u!1 &2990446066948054991
GameObject:
  m_ObjectHideFlags: 0
  m_CorrespondingSourceObject: {fileID: 0}
  m_PrefabInstance: {fileID: 0}
  m_PrefabAsset: {fileID: 0}
  serializedVersion: 6
  m_Component:
  - component: {fileID: 7544245976052733874}
  m_Layer: 11
  m_Name: mixamorig:RightHandMiddle3
  m_TagString: Untagged
  m_Icon: {fileID: 0}
  m_NavMeshLayer: 0
  m_StaticEditorFlags: 0
  m_IsActive: 1
--- !u!4 &7544245976052733874
Transform:
  m_ObjectHideFlags: 0
  m_CorrespondingSourceObject: {fileID: 0}
  m_PrefabInstance: {fileID: 0}
  m_PrefabAsset: {fileID: 0}
  m_GameObject: {fileID: 2990446066948054991}
  m_LocalRotation: {x: 0.000000004123528, y: 0.000017642004, z: -0.0000000023479838,
    w: 1}
  m_LocalPosition: {x: 0.029509215, y: -0.000000003113245, z: -0.0000000030340255}
  m_LocalScale: {x: 1, y: 1, z: 1}
  m_Children:
  - {fileID: 347784290144182871}
  m_Father: {fileID: 4708442847895805046}
  m_RootOrder: 0
  m_LocalEulerAnglesHint: {x: 2.7254376, y: 6.5079613, z: -54.51981}
--- !u!1 &3163204273110826901
GameObject:
  m_ObjectHideFlags: 0
  m_CorrespondingSourceObject: {fileID: 0}
  m_PrefabInstance: {fileID: 0}
  m_PrefabAsset: {fileID: 0}
  serializedVersion: 6
  m_Component:
  - component: {fileID: 7025465728630684047}
  m_Layer: 11
  m_Name: mixamorig:RightHandMiddle1
  m_TagString: Untagged
  m_Icon: {fileID: 0}
  m_NavMeshLayer: 0
  m_StaticEditorFlags: 0
  m_IsActive: 1
--- !u!4 &7025465728630684047
Transform:
  m_ObjectHideFlags: 0
  m_CorrespondingSourceObject: {fileID: 0}
  m_PrefabInstance: {fileID: 0}
  m_PrefabAsset: {fileID: 0}
  m_GameObject: {fileID: 3163204273110826901}
  m_LocalRotation: {x: -6.938894e-18, y: 1.3877788e-17, z: 4.336809e-18, w: 1}
  m_LocalPosition: {x: 0.09532503, y: -0.00000016312302, z: 0.00000016791842}
  m_LocalScale: {x: 1, y: 1, z: 1}
  m_Children:
  - {fileID: 4708442847895805046}
  m_Father: {fileID: 64693346530234830}
  m_RootOrder: 1
  m_LocalEulerAnglesHint: {x: -0.10662592, y: 6.3649697, z: 18.551521}
--- !u!1 &3254032277368116745
GameObject:
  m_ObjectHideFlags: 0
  m_CorrespondingSourceObject: {fileID: 0}
  m_PrefabInstance: {fileID: 0}
  m_PrefabAsset: {fileID: 0}
  serializedVersion: 6
  m_Component:
  - component: {fileID: 4699373187313614834}
  m_Layer: 11
  m_Name: mixamorig:LeftHandIndex2
  m_TagString: Untagged
  m_Icon: {fileID: 0}
  m_NavMeshLayer: 0
  m_StaticEditorFlags: 0
  m_IsActive: 1
--- !u!4 &4699373187313614834
Transform:
  m_ObjectHideFlags: 0
  m_CorrespondingSourceObject: {fileID: 0}
  m_PrefabInstance: {fileID: 0}
  m_PrefabAsset: {fileID: 0}
  m_GameObject: {fileID: 3254032277368116745}
  m_LocalRotation: {x: 0.00000007148601, y: -0.00028672908, z: 0.0023859234, w: 0.99999714}
  m_LocalPosition: {x: -0.036764093, y: -0.00000006939138, z: 0.00000029242517}
  m_LocalScale: {x: 1, y: 1, z: 1}
  m_Children:
  - {fileID: 413804488524964503}
  m_Father: {fileID: 5562524749780591659}
  m_RootOrder: 0
  m_LocalEulerAnglesHint: {x: 0.21699789, y: -3.1536498, z: 24.105122}
--- !u!1 &3389268950799829018
GameObject:
  m_ObjectHideFlags: 0
  m_CorrespondingSourceObject: {fileID: 0}
  m_PrefabInstance: {fileID: 0}
  m_PrefabAsset: {fileID: 0}
  serializedVersion: 6
  m_Component:
  - component: {fileID: 5626617443945846112}
  m_Layer: 11
  m_Name: mixamorig:RightHandRing4
  m_TagString: Untagged
  m_Icon: {fileID: 0}
  m_NavMeshLayer: 0
  m_StaticEditorFlags: 0
  m_IsActive: 1
--- !u!4 &5626617443945846112
Transform:
  m_ObjectHideFlags: 0
  m_CorrespondingSourceObject: {fileID: 0}
  m_PrefabInstance: {fileID: 0}
  m_PrefabAsset: {fileID: 0}
  m_GameObject: {fileID: 3389268950799829018}
  m_LocalRotation: {x: 0, y: -0, z: -0, w: 1}
  m_LocalPosition: {x: 0.026474526, y: 0.00000024608212, z: -0.000000022949234}
  m_LocalScale: {x: 1, y: 1, z: 1}
  m_Children: []
  m_Father: {fileID: 9940058819953695}
  m_RootOrder: 0
  m_LocalEulerAnglesHint: {x: 0, y: 0, z: 0}
--- !u!1 &3397507356718845130
GameObject:
  m_ObjectHideFlags: 0
  m_CorrespondingSourceObject: {fileID: 0}
  m_PrefabInstance: {fileID: 0}
  m_PrefabAsset: {fileID: 0}
  serializedVersion: 6
  m_Component:
  - component: {fileID: 2031592474997914666}
  m_Layer: 11
  m_Name: mixamorig:LeftHandPinky4
  m_TagString: Untagged
  m_Icon: {fileID: 0}
  m_NavMeshLayer: 0
  m_StaticEditorFlags: 0
  m_IsActive: 1
--- !u!4 &2031592474997914666
Transform:
  m_ObjectHideFlags: 0
  m_CorrespondingSourceObject: {fileID: 0}
  m_PrefabInstance: {fileID: 0}
  m_PrefabAsset: {fileID: 0}
  m_GameObject: {fileID: 3397507356718845130}
  m_LocalRotation: {x: 0, y: -0, z: -0, w: 1}
  m_LocalPosition: {x: -0.019756826, y: 0.00000012405657, z: -0.00000044301405}
  m_LocalScale: {x: 1, y: 1, z: 1}
  m_Children: []
  m_Father: {fileID: 8577265245996776384}
  m_RootOrder: 0
  m_LocalEulerAnglesHint: {x: 0, y: 0, z: 0}
--- !u!1 &3417903488594909431
GameObject:
  m_ObjectHideFlags: 0
  m_CorrespondingSourceObject: {fileID: 0}
  m_PrefabInstance: {fileID: 0}
  m_PrefabAsset: {fileID: 0}
  serializedVersion: 6
  m_Component:
  - component: {fileID: 5046828235031742278}
  m_Layer: 11
  m_Name: mixamorig:LeftHandIndex4
  m_TagString: Untagged
  m_Icon: {fileID: 0}
  m_NavMeshLayer: 0
  m_StaticEditorFlags: 0
  m_IsActive: 1
--- !u!4 &5046828235031742278
Transform:
  m_ObjectHideFlags: 0
  m_CorrespondingSourceObject: {fileID: 0}
  m_PrefabInstance: {fileID: 0}
  m_PrefabAsset: {fileID: 0}
  m_GameObject: {fileID: 3417903488594909431}
  m_LocalRotation: {x: 0, y: -0, z: -0, w: 1}
  m_LocalPosition: {x: -0.023927199, y: 0.00000037025907, z: 0.00000033554434}
  m_LocalScale: {x: 1, y: 1, z: 1}
  m_Children: []
  m_Father: {fileID: 413804488524964503}
  m_RootOrder: 0
  m_LocalEulerAnglesHint: {x: 0, y: 0, z: 0}
--- !u!1 &3620090808112155940
GameObject:
  m_ObjectHideFlags: 0
  m_CorrespondingSourceObject: {fileID: 0}
  m_PrefabInstance: {fileID: 0}
  m_PrefabAsset: {fileID: 0}
  serializedVersion: 6
  m_Component:
  - component: {fileID: 6543415118846363443}
  m_Layer: 11
  m_Name: mixamorig:LeftArm
  m_TagString: Untagged
  m_Icon: {fileID: 0}
  m_NavMeshLayer: 0
  m_StaticEditorFlags: 0
  m_IsActive: 1
--- !u!4 &6543415118846363443
Transform:
  m_ObjectHideFlags: 0
  m_CorrespondingSourceObject: {fileID: 0}
  m_PrefabInstance: {fileID: 0}
  m_PrefabAsset: {fileID: 0}
  m_GameObject: {fileID: 3620090808112155940}
  m_LocalRotation: {x: -0.37433478, y: 0.57461226, z: -0.063006975, w: 0.7250685}
  m_LocalPosition: {x: -0.1059237, y: -0.005245829, z: -0.0223212}
  m_LocalScale: {x: 1, y: 1, z: 1}
  m_Children:
  - {fileID: 2460294428575647831}
  m_Father: {fileID: 7316652265561746272}
  m_RootOrder: 0
  m_LocalEulerAnglesHint: {x: -30.45824, y: 87.79574, z: -23.984943}
--- !u!1 &3638597680994220166
GameObject:
  m_ObjectHideFlags: 0
  m_CorrespondingSourceObject: {fileID: 0}
  m_PrefabInstance: {fileID: 0}
  m_PrefabAsset: {fileID: 0}
  serializedVersion: 6
  m_Component:
  - component: {fileID: 4155763771076007322}
  m_Layer: 11
  m_Name: mixamorig:RightHandRing1
  m_TagString: Untagged
  m_Icon: {fileID: 0}
  m_NavMeshLayer: 0
  m_StaticEditorFlags: 0
  m_IsActive: 1
--- !u!4 &4155763771076007322
Transform:
  m_ObjectHideFlags: 0
  m_CorrespondingSourceObject: {fileID: 0}
  m_PrefabInstance: {fileID: 0}
  m_PrefabAsset: {fileID: 0}
  m_GameObject: {fileID: 3638597680994220166}
  m_LocalRotation: {x: -6.938894e-18, y: 1.3877788e-17, z: 4.336809e-18, w: 1}
  m_LocalPosition: {x: 0.09103588, y: -0.00043914348, z: -0.018650724}
  m_LocalScale: {x: 1, y: 1, z: 1}
  m_Children:
  - {fileID: 9173740346861741771}
  m_Father: {fileID: 64693346530234830}
  m_RootOrder: 3
  m_LocalEulerAnglesHint: {x: 3.6938288, y: 13.076462, z: -11.883819}
--- !u!1 &3679207576385431688
GameObject:
  m_ObjectHideFlags: 0
  m_CorrespondingSourceObject: {fileID: 0}
  m_PrefabInstance: {fileID: 0}
  m_PrefabAsset: {fileID: 0}
  serializedVersion: 6
  m_Component:
  - component: {fileID: 810049849281414352}
  m_Layer: 11
  m_Name: mixamorig:RightHandPinky2
  m_TagString: Untagged
  m_Icon: {fileID: 0}
  m_NavMeshLayer: 0
  m_StaticEditorFlags: 0
  m_IsActive: 1
--- !u!4 &810049849281414352
Transform:
  m_ObjectHideFlags: 0
  m_CorrespondingSourceObject: {fileID: 0}
  m_PrefabInstance: {fileID: 0}
  m_PrefabAsset: {fileID: 0}
  m_GameObject: {fileID: 3679207576385431688}
  m_LocalRotation: {x: 0.0000000012535655, y: -0.000013897125, z: 0.000000026911241,
    w: 1}
  m_LocalPosition: {x: 0.036000345, y: 0.00000039676655, z: 0.0000005081442}
  m_LocalScale: {x: 1, y: 1, z: 1}
  m_Children:
  - {fileID: 5624092263704012424}
  m_Father: {fileID: 4270175583263713524}
  m_RootOrder: 0
  m_LocalEulerAnglesHint: {x: 2.4946632, y: 5.745783, z: -46.162193}
--- !u!1 &3723061408088144470
GameObject:
  m_ObjectHideFlags: 0
  m_CorrespondingSourceObject: {fileID: 0}
  m_PrefabInstance: {fileID: 0}
  m_PrefabAsset: {fileID: 0}
  serializedVersion: 6
  m_Component:
  - component: {fileID: 9940058819953695}
  m_Layer: 11
  m_Name: mixamorig:RightHandRing3
  m_TagString: Untagged
  m_Icon: {fileID: 0}
  m_NavMeshLayer: 0
  m_StaticEditorFlags: 0
  m_IsActive: 1
--- !u!4 &9940058819953695
Transform:
  m_ObjectHideFlags: 0
  m_CorrespondingSourceObject: {fileID: 0}
  m_PrefabInstance: {fileID: 0}
  m_PrefabAsset: {fileID: 0}
  m_GameObject: {fileID: 3723061408088144470}
  m_LocalRotation: {x: -6.938894e-18, y: 1.3877788e-17, z: 4.336809e-18, w: 1}
  m_LocalPosition: {x: 0.029376723, y: -0.00000041600654, z: -0.00000039660634}
  m_LocalScale: {x: 1, y: 1, z: 1}
  m_Children:
  - {fileID: 5626617443945846112}
  m_Father: {fileID: 9173740346861741771}
  m_RootOrder: 0
  m_LocalEulerAnglesHint: {x: 2.0654025, y: 5.854865, z: -47.43721}
--- !u!1 &4148943920525497164
GameObject:
  m_ObjectHideFlags: 0
  m_CorrespondingSourceObject: {fileID: 0}
  m_PrefabInstance: {fileID: 0}
  m_PrefabAsset: {fileID: 0}
  serializedVersion: 6
  m_Component:
  - component: {fileID: 8291787985133145893}
  m_Layer: 11
  m_Name: mixamorig:LeftHandThumb3
  m_TagString: Untagged
  m_Icon: {fileID: 0}
  m_NavMeshLayer: 0
  m_StaticEditorFlags: 0
  m_IsActive: 1
--- !u!4 &8291787985133145893
Transform:
  m_ObjectHideFlags: 0
  m_CorrespondingSourceObject: {fileID: 0}
  m_PrefabInstance: {fileID: 0}
  m_PrefabAsset: {fileID: 0}
  m_GameObject: {fileID: 4148943920525497164}
  m_LocalRotation: {x: -0.004745174, y: -0.013858705, z: -0.022077128, w: 0.999649}
  m_LocalPosition: {x: -0.02652565, y: -0.015314929, z: 0.015314716}
  m_LocalScale: {x: 1, y: 1, z: 1}
  m_Children:
  - {fileID: 1946164353986675145}
  m_Father: {fileID: 446221282774800763}
  m_RootOrder: 0
  m_LocalEulerAnglesHint: {x: 35.7618, y: 11.6878805, z: 7.8012924}
--- !u!1 &4198154274081425903
GameObject:
  m_ObjectHideFlags: 0
  m_CorrespondingSourceObject: {fileID: 0}
  m_PrefabInstance: {fileID: 0}
  m_PrefabAsset: {fileID: 0}
  serializedVersion: 6
  m_Component:
  - component: {fileID: 8577265245996776384}
  m_Layer: 11
  m_Name: mixamorig:LeftHandPinky3
  m_TagString: Untagged
  m_Icon: {fileID: 0}
  m_NavMeshLayer: 0
  m_StaticEditorFlags: 0
  m_IsActive: 1
--- !u!4 &8577265245996776384
Transform:
  m_ObjectHideFlags: 0
  m_CorrespondingSourceObject: {fileID: 0}
  m_PrefabInstance: {fileID: 0}
  m_PrefabAsset: {fileID: 0}
  m_GameObject: {fileID: 4198154274081425903}
  m_LocalRotation: {x: 0, y: -0, z: -2.7755576e-17, w: 1}
  m_LocalPosition: {x: -0.021142116, y: 0.00000019538281, z: -0.00000002864415}
  m_LocalScale: {x: 1, y: 1, z: 1}
  m_Children:
  - {fileID: 2031592474997914666}
  m_Father: {fileID: 2734535873718439957}
  m_RootOrder: 0
  m_LocalEulerAnglesHint: {x: 1.9060545, y: -4.7613854, z: 39.441402}
--- !u!1 &4376902638699732852
GameObject:
  m_ObjectHideFlags: 0
  m_CorrespondingSourceObject: {fileID: 0}
  m_PrefabInstance: {fileID: 0}
  m_PrefabAsset: {fileID: 0}
  serializedVersion: 6
  m_Component:
  - component: {fileID: 7316652265561746272}
  m_Layer: 11
  m_Name: mixamorig:LeftShoulder
  m_TagString: Untagged
  m_Icon: {fileID: 0}
  m_NavMeshLayer: 0
  m_StaticEditorFlags: 0
  m_IsActive: 1
--- !u!4 &7316652265561746272
Transform:
  m_ObjectHideFlags: 0
  m_CorrespondingSourceObject: {fileID: 0}
  m_PrefabInstance: {fileID: 0}
  m_PrefabAsset: {fileID: 0}
  m_GameObject: {fileID: 4376902638699732852}
  m_LocalRotation: {x: -0.0043831416, y: -0.010936999, z: -0.19594444, w: 0.9805442}
  m_LocalPosition: {x: -0.045704465, y: 0.10945985, z: -0.02627988}
  m_LocalScale: {x: 1, y: 1, z: 1}
  m_Children:
  - {fileID: 6543415118846363443}
  m_Father: {fileID: 4425234611793031158}
  m_RootOrder: 0
  m_LocalEulerAnglesHint: {x: -0.07349662, y: -0.006772733, z: -11.957616}
--- !u!1 &4554155754679012135
GameObject:
  m_ObjectHideFlags: 0
  m_CorrespondingSourceObject: {fileID: 0}
  m_PrefabInstance: {fileID: 0}
  m_PrefabAsset: {fileID: 0}
  serializedVersion: 6
  m_Component:
  - component: {fileID: 5827978307299745073}
  m_Layer: 11
  m_Name: mixamorig:LeftHandMiddle2
  m_TagString: Untagged
  m_Icon: {fileID: 0}
  m_NavMeshLayer: 0
  m_StaticEditorFlags: 0
  m_IsActive: 1
--- !u!4 &5827978307299745073
Transform:
  m_ObjectHideFlags: 0
  m_CorrespondingSourceObject: {fileID: 0}
  m_PrefabInstance: {fileID: 0}
  m_PrefabAsset: {fileID: 0}
  m_GameObject: {fileID: 4554155754679012135}
  m_LocalRotation: {x: 0.000000046074934, y: -0.000016796304, z: 0.00013949098, w: 1}
  m_LocalPosition: {x: -0.036982365, y: 0.00000001961359, z: 0.00000017916967}
  m_LocalScale: {x: 1, y: 1, z: 1}
  m_Children:
  - {fileID: 2491202981287569311}
  m_Father: {fileID: 1840877928888924281}
  m_RootOrder: 0
  m_LocalEulerAnglesHint: {x: -0.22812326, y: -4.964116, z: 36.706154}
--- !u!1 &4628619954161921133
GameObject:
  m_ObjectHideFlags: 0
  m_CorrespondingSourceObject: {fileID: 0}
  m_PrefabInstance: {fileID: 0}
  m_PrefabAsset: {fileID: 0}
  serializedVersion: 6
  m_Component:
  - component: {fileID: 8244563161905502865}
  m_Layer: 11
  m_Name: mixamorig:LeftHandRing2
  m_TagString: Untagged
  m_Icon: {fileID: 0}
  m_NavMeshLayer: 0
  m_StaticEditorFlags: 0
  m_IsActive: 1
--- !u!4 &8244563161905502865
Transform:
  m_ObjectHideFlags: 0
  m_CorrespondingSourceObject: {fileID: 0}
  m_PrefabInstance: {fileID: 0}
  m_PrefabAsset: {fileID: 0}
  m_GameObject: {fileID: 4628619954161921133}
  m_LocalRotation: {x: -0.00000006873359, y: -0.00000012481105, z: 0.0000000042346286,
    w: 1}
  m_LocalPosition: {x: -0.031540267, y: -0.00000006553468, z: 0.00000010425744}
  m_LocalScale: {x: 1, y: 1, z: 1}
  m_Children:
  - {fileID: 6278193073457685937}
  m_Father: {fileID: 4426186303575800150}
  m_RootOrder: 0
  m_LocalEulerAnglesHint: {x: 1.1070493, y: -5.6723337, z: 43.77804}
--- !u!1 &4842932381611404478
GameObject:
  m_ObjectHideFlags: 0
  m_CorrespondingSourceObject: {fileID: 0}
  m_PrefabInstance: {fileID: 0}
  m_PrefabAsset: {fileID: 0}
  serializedVersion: 6
  m_Component:
  - component: {fileID: 2390819793936853221}
  m_Layer: 11
  m_Name: mixamorig:RightHandIndex2
  m_TagString: Untagged
  m_Icon: {fileID: 0}
  m_NavMeshLayer: 0
  m_StaticEditorFlags: 0
  m_IsActive: 1
--- !u!4 &2390819793936853221
Transform:
  m_ObjectHideFlags: 0
  m_CorrespondingSourceObject: {fileID: 0}
  m_PrefabInstance: {fileID: 0}
  m_PrefabAsset: {fileID: 0}
  m_GameObject: {fileID: 4842932381611404478}
  m_LocalRotation: {x: 0.000000011771167, y: 0.0002896048, z: -0.0023856058, w: 0.99999714}
  m_LocalPosition: {x: 0.036764093, y: 0.00000019227156, z: 0.0000003235567}
  m_LocalScale: {x: 1, y: 1, z: 1}
  m_Children:
  - {fileID: 3949192269089180749}
  m_Father: {fileID: 7033115847911735813}
  m_RootOrder: 0
  m_LocalEulerAnglesHint: {x: 4.316142, y: 7.270134, z: -65.69597}
--- !u!1 &5094152662372428152
GameObject:
  m_ObjectHideFlags: 0
  m_CorrespondingSourceObject: {fileID: 0}
  m_PrefabInstance: {fileID: 0}
  m_PrefabAsset: {fileID: 0}
  serializedVersion: 6
  m_Component:
  - component: {fileID: 460314626561528230}
  m_Layer: 11
  m_Name: mixamorig:RightArm
  m_TagString: Untagged
  m_Icon: {fileID: 0}
  m_NavMeshLayer: 0
  m_StaticEditorFlags: 0
  m_IsActive: 1
--- !u!4 &460314626561528230
Transform:
  m_ObjectHideFlags: 0
  m_CorrespondingSourceObject: {fileID: 0}
  m_PrefabInstance: {fileID: 0}
  m_PrefabAsset: {fileID: 0}
  m_GameObject: {fileID: 5094152662372428152}
  m_LocalRotation: {x: -0.45711002, y: -0.5194007, z: 0.036268726, w: 0.7210811}
  m_LocalPosition: {x: 0.105928436, y: -0.0052479836, z: -0.022320986}
  m_LocalScale: {x: 1, y: 1, z: 1}
  m_Children:
  - {fileID: 5636885393674421734}
  m_Father: {fileID: 6175113267113502065}
  m_RootOrder: 0
  m_LocalEulerAnglesHint: {x: -31.001541, y: -76.49893, z: 24.898167}
--- !u!1 &5221404660984912068
GameObject:
  m_ObjectHideFlags: 0
  m_CorrespondingSourceObject: {fileID: 0}
  m_PrefabInstance: {fileID: 0}
  m_PrefabAsset: {fileID: 0}
  serializedVersion: 6
  m_Component:
  - component: {fileID: 3286205438557287552}
  m_Layer: 11
  m_Name: mixamorig:LeftHandRing4
  m_TagString: Untagged
  m_Icon: {fileID: 0}
  m_NavMeshLayer: 0
  m_StaticEditorFlags: 0
  m_IsActive: 1
--- !u!4 &3286205438557287552
Transform:
  m_ObjectHideFlags: 0
  m_CorrespondingSourceObject: {fileID: 0}
  m_PrefabInstance: {fileID: 0}
  m_PrefabAsset: {fileID: 0}
  m_GameObject: {fileID: 5221404660984912068}
  m_LocalRotation: {x: 0, y: -0, z: -0, w: 1}
  m_LocalPosition: {x: -0.026474526, y: -0.00000049804413, z: 7.0705153e-10}
  m_LocalScale: {x: 1, y: 1, z: 1}
  m_Children: []
  m_Father: {fileID: 6278193073457685937}
  m_RootOrder: 0
  m_LocalEulerAnglesHint: {x: 0, y: 0, z: 0}
--- !u!1 &5621633393792588854
GameObject:
  m_ObjectHideFlags: 0
  m_CorrespondingSourceObject: {fileID: 0}
  m_PrefabInstance: {fileID: 0}
  m_PrefabAsset: {fileID: 0}
  serializedVersion: 6
  m_Component:
  - component: {fileID: 8944768574208138468}
  m_Layer: 11
  m_Name: mixamorig:Neck
  m_TagString: Untagged
  m_Icon: {fileID: 0}
  m_NavMeshLayer: 0
  m_StaticEditorFlags: 0
  m_IsActive: 1
--- !u!4 &8944768574208138468
Transform:
  m_ObjectHideFlags: 0
  m_CorrespondingSourceObject: {fileID: 0}
  m_PrefabInstance: {fileID: 0}
  m_PrefabAsset: {fileID: 0}
  m_GameObject: {fileID: 5621633393792588854}
  m_LocalRotation: {x: 0.003937349, y: -0.00246756, z: -0.009783591, w: 0.99994135}
  m_LocalPosition: {x: -0.0000000063342855, y: 0.16671668, z: -0.025161678}
  m_LocalScale: {x: 1, y: 1, z: 1}
  m_Children:
  - {fileID: 6530872978353455635}
  m_Father: {fileID: 4425234611793031158}
  m_RootOrder: 1
  m_LocalEulerAnglesHint: {x: 1.9835072, y: -0.17733128, z: 0.21046785}
--- !u!1 &5944543866648027764
GameObject:
  m_ObjectHideFlags: 0
  m_CorrespondingSourceObject: {fileID: 0}
  m_PrefabInstance: {fileID: 0}
  m_PrefabAsset: {fileID: 0}
  serializedVersion: 6
  m_Component:
  - component: {fileID: 2734535873718439957}
  m_Layer: 11
  m_Name: mixamorig:LeftHandPinky2
  m_TagString: Untagged
  m_Icon: {fileID: 0}
  m_NavMeshLayer: 0
  m_StaticEditorFlags: 0
  m_IsActive: 1
--- !u!4 &2734535873718439957
Transform:
  m_ObjectHideFlags: 0
  m_CorrespondingSourceObject: {fileID: 0}
  m_PrefabInstance: {fileID: 0}
  m_PrefabAsset: {fileID: 0}
  m_GameObject: {fileID: 5944543866648027764}
  m_LocalRotation: {x: -0.00000005036546, y: 0.03537509, z: 0.0044355323, w: 0.99936426}
  m_LocalPosition: {x: -0.036000345, y: -0.000000022522151, z: -0.00000026238794}
  m_LocalScale: {x: 1, y: 1, z: 1}
  m_Children:
  - {fileID: 8577265245996776384}
  m_Father: {fileID: 8128095873952809409}
  m_RootOrder: 0
  m_LocalEulerAnglesHint: {x: 0.7506305, y: -3.9119227, z: 29.507843}
--- !u!1 &6086030039827089461
GameObject:
  m_ObjectHideFlags: 0
  m_CorrespondingSourceObject: {fileID: 0}
  m_PrefabInstance: {fileID: 0}
  m_PrefabAsset: {fileID: 0}
  serializedVersion: 6
  m_Component:
  - component: {fileID: 347784290144182871}
  m_Layer: 11
  m_Name: mixamorig:RightHandMiddle4
  m_TagString: Untagged
  m_Icon: {fileID: 0}
  m_NavMeshLayer: 0
  m_StaticEditorFlags: 0
  m_IsActive: 1
--- !u!4 &347784290144182871
Transform:
  m_ObjectHideFlags: 0
  m_CorrespondingSourceObject: {fileID: 0}
  m_PrefabInstance: {fileID: 0}
  m_PrefabAsset: {fileID: 0}
  m_GameObject: {fileID: 6086030039827089461}
  m_LocalRotation: {x: 0, y: -0, z: -0, w: 1}
  m_LocalPosition: {x: 0.028339025, y: 0.00000008053241, z: 0.00000053787704}
  m_LocalScale: {x: 1, y: 1, z: 1}
  m_Children: []
  m_Father: {fileID: 7544245976052733874}
  m_RootOrder: 0
  m_LocalEulerAnglesHint: {x: 0, y: 0, z: 0}
--- !u!1 &6125368554411023393
GameObject:
  m_ObjectHideFlags: 0
  m_CorrespondingSourceObject: {fileID: 0}
  m_PrefabInstance: {fileID: 0}
  m_PrefabAsset: {fileID: 0}
  serializedVersion: 6
  m_Component:
  - component: {fileID: 6175113267113502065}
  m_Layer: 11
  m_Name: mixamorig:RightShoulder
  m_TagString: Untagged
  m_Icon: {fileID: 0}
  m_NavMeshLayer: 0
  m_StaticEditorFlags: 0
  m_IsActive: 1
--- !u!4 &6175113267113502065
Transform:
  m_ObjectHideFlags: 0
  m_CorrespondingSourceObject: {fileID: 0}
  m_PrefabInstance: {fileID: 0}
  m_PrefabAsset: {fileID: 0}
  m_GameObject: {fileID: 6125368554411023393}
  m_LocalRotation: {x: -0.0052225594, y: 0.061886925, z: 0.083828524, w: 0.9945429}
  m_LocalPosition: {x: 0.045699697, y: 0.10946176, z: -0.026280174}
  m_LocalScale: {x: 1, y: 1, z: 1}
  m_Children:
  - {fileID: 460314626561528230}
  m_Father: {fileID: 4425234611793031158}
  m_RootOrder: 2
  m_LocalEulerAnglesHint: {x: -0.26128295, y: 3.968437, z: 4.018697}
--- !u!1 &6501579128286654400
GameObject:
  m_ObjectHideFlags: 0
  m_CorrespondingSourceObject: {fileID: 0}
  m_PrefabInstance: {fileID: 0}
  m_PrefabAsset: {fileID: 0}
  serializedVersion: 6
  m_Component:
  - component: {fileID: 8133357937380438593}
  m_Layer: 11
  m_Name: mixamorig:RightHandIndex4
  m_TagString: Untagged
  m_Icon: {fileID: 0}
  m_NavMeshLayer: 0
  m_StaticEditorFlags: 0
  m_IsActive: 1
--- !u!4 &8133357937380438593
Transform:
  m_ObjectHideFlags: 0
  m_CorrespondingSourceObject: {fileID: 0}
  m_PrefabInstance: {fileID: 0}
  m_PrefabAsset: {fileID: 0}
  m_GameObject: {fileID: 6501579128286654400}
  m_LocalRotation: {x: 0, y: -0, z: -0, w: 1}
  m_LocalPosition: {x: 0.023927199, y: 0.000000268147, z: 0.00000028020133}
  m_LocalScale: {x: 1, y: 1, z: 1}
  m_Children: []
  m_Father: {fileID: 3949192269089180749}
  m_RootOrder: 0
  m_LocalEulerAnglesHint: {x: 0, y: 0, z: 0}
--- !u!1 &6624521411502714312
GameObject:
  m_ObjectHideFlags: 0
  m_CorrespondingSourceObject: {fileID: 0}
  m_PrefabInstance: {fileID: 0}
  m_PrefabAsset: {fileID: 0}
  serializedVersion: 6
  m_Component:
  - component: {fileID: 4270175583263713524}
  m_Layer: 11
  m_Name: mixamorig:RightHandPinky1
  m_TagString: Untagged
  m_Icon: {fileID: 0}
  m_NavMeshLayer: 0
  m_StaticEditorFlags: 0
  m_IsActive: 1
--- !u!4 &4270175583263713524
Transform:
  m_ObjectHideFlags: 0
  m_CorrespondingSourceObject: {fileID: 0}
  m_PrefabInstance: {fileID: 0}
  m_PrefabAsset: {fileID: 0}
  m_GameObject: {fileID: 6624521411502714312}
  m_LocalRotation: {x: -0.0000000012524162, y: 0.000013897125, z: -0.000000026911351,
    w: 1}
  m_LocalPosition: {x: 0.080766745, y: -0.0048845927, z: -0.038060103}
  m_LocalScale: {x: 1, y: 1, z: 1}
  m_Children:
  - {fileID: 810049849281414352}
  m_Father: {fileID: 64693346530234830}
  m_RootOrder: 2
  m_LocalEulerAnglesHint: {x: 3.543388, y: 25.768301, z: 9.044323}
--- !u!1 &6673679870806970214
GameObject:
  m_ObjectHideFlags: 0
  m_CorrespondingSourceObject: {fileID: 0}
  m_PrefabInstance: {fileID: 0}
  m_PrefabAsset: {fileID: 0}
  serializedVersion: 6
  m_Component:
  - component: {fileID: 8388986586388332345}
  m_Layer: 11
  m_Name: mixamorig:RightHandPinky4
  m_TagString: Untagged
  m_Icon: {fileID: 0}
  m_NavMeshLayer: 0
  m_StaticEditorFlags: 0
  m_IsActive: 1
--- !u!4 &8388986586388332345
Transform:
  m_ObjectHideFlags: 0
  m_CorrespondingSourceObject: {fileID: 0}
  m_PrefabInstance: {fileID: 0}
  m_PrefabAsset: {fileID: 0}
  m_GameObject: {fileID: 6673679870806970214}
  m_LocalRotation: {x: 0, y: -0, z: -0, w: 1}
  m_LocalPosition: {x: 0.019756826, y: -0.00000018521958, z: -0.000000009839841}
  m_LocalScale: {x: 1, y: 1, z: 1}
  m_Children: []
  m_Father: {fileID: 5624092263704012424}
  m_RootOrder: 0
  m_LocalEulerAnglesHint: {x: 0, y: 0, z: 0}
--- !u!1 &6790550535657316840
GameObject:
  m_ObjectHideFlags: 0
  m_CorrespondingSourceObject: {fileID: 0}
  m_PrefabInstance: {fileID: 0}
  m_PrefabAsset: {fileID: 0}
  serializedVersion: 6
  m_Component:
  - component: {fileID: 2491202981287569311}
  m_Layer: 11
  m_Name: mixamorig:LeftHandMiddle3
  m_TagString: Untagged
  m_Icon: {fileID: 0}
  m_NavMeshLayer: 0
  m_StaticEditorFlags: 0
  m_IsActive: 1
--- !u!4 &2491202981287569311
Transform:
  m_ObjectHideFlags: 0
  m_CorrespondingSourceObject: {fileID: 0}
  m_PrefabInstance: {fileID: 0}
  m_PrefabAsset: {fileID: 0}
  m_GameObject: {fileID: 6790550535657316840}
  m_LocalRotation: {x: -3.85186e-34, y: -1.3877788e-17, z: -2.7755576e-17, w: 1}
  m_LocalPosition: {x: -0.029509215, y: -0.00000039376084, z: 0.0000001644796}
  m_LocalScale: {x: 1, y: 1, z: 1}
  m_Children:
  - {fileID: 7266364047403760192}
  m_Father: {fileID: 5827978307299745073}
  m_RootOrder: 0
  m_LocalEulerAnglesHint: {x: 0.028108895, y: -3.185846, z: 24.141685}
--- !u!1 &6941243401127996441
GameObject:
  m_ObjectHideFlags: 0
  m_CorrespondingSourceObject: {fileID: 0}
  m_PrefabInstance: {fileID: 0}
  m_PrefabAsset: {fileID: 0}
  serializedVersion: 6
  m_Component:
  - component: {fileID: 446221282774800763}
  m_Layer: 11
  m_Name: mixamorig:LeftHandThumb2
  m_TagString: Untagged
  m_Icon: {fileID: 0}
  m_NavMeshLayer: 0
  m_StaticEditorFlags: 0
  m_IsActive: 1
--- !u!4 &446221282774800763
Transform:
  m_ObjectHideFlags: 0
  m_CorrespondingSourceObject: {fileID: 0}
  m_PrefabInstance: {fileID: 0}
  m_PrefabAsset: {fileID: 0}
  m_GameObject: {fileID: 6941243401127996441}
  m_LocalRotation: {x: 0.034748193, y: -0.06904574, z: -0.008860203, w: 0.9969688}
  m_LocalPosition: {x: -0.032298036, y: -0.018646907, z: 0.018646812}
  m_LocalScale: {x: 1, y: 1, z: 1}
  m_Children:
  - {fileID: 8291787985133145893}
  m_Father: {fileID: 1538136890176894085}
  m_RootOrder: 0
  m_LocalEulerAnglesHint: {x: 28.429565, y: -43.94131, z: -0.69833547}
--- !u!1 &6982884308647914041
GameObject:
  m_ObjectHideFlags: 0
  m_CorrespondingSourceObject: {fileID: 0}
  m_PrefabInstance: {fileID: 0}
  m_PrefabAsset: {fileID: 0}
  serializedVersion: 6
  m_Component:
  - component: {fileID: 3535995346935597520}
  - component: {fileID: 3768599575351226250}
  m_Layer: 11
  m_Name: Beta_Surface
  m_TagString: Untagged
  m_Icon: {fileID: 0}
  m_NavMeshLayer: 0
  m_StaticEditorFlags: 0
  m_IsActive: 1
--- !u!4 &3535995346935597520
Transform:
  m_ObjectHideFlags: 0
  m_CorrespondingSourceObject: {fileID: 0}
  m_PrefabInstance: {fileID: 0}
  m_PrefabAsset: {fileID: 0}
  m_GameObject: {fileID: 6982884308647914041}
  m_LocalRotation: {x: 0, y: -0, z: -0, w: 1}
  m_LocalPosition: {x: -0, y: 0, z: 0}
  m_LocalScale: {x: 1, y: 1, z: 1}
  m_Children: []
  m_Father: {fileID: 545145528}
  m_RootOrder: 1
  m_LocalEulerAnglesHint: {x: 0, y: 0, z: 0}
--- !u!137 &3768599575351226250
SkinnedMeshRenderer:
  m_ObjectHideFlags: 0
  m_CorrespondingSourceObject: {fileID: 0}
  m_PrefabInstance: {fileID: 0}
  m_PrefabAsset: {fileID: 0}
  m_GameObject: {fileID: 6982884308647914041}
  m_Enabled: 1
  m_CastShadows: 1
  m_ReceiveShadows: 1
  m_DynamicOccludee: 1
  m_MotionVectors: 1
  m_LightProbeUsage: 1
  m_ReflectionProbeUsage: 1
  m_RenderingLayerMask: 1
  m_RendererPriority: 0
  m_Materials:
  - {fileID: 2100002, guid: 6741e84168819a340affa61060b61c28, type: 3}
  m_StaticBatchInfo:
    firstSubMesh: 0
    subMeshCount: 0
  m_StaticBatchRoot: {fileID: 0}
  m_ProbeAnchor: {fileID: 0}
  m_LightProbeVolumeOverride: {fileID: 0}
  m_ScaleInLightmap: 1
  m_ReceiveGI: 1
  m_PreserveUVs: 0
  m_IgnoreNormalsForChartDetection: 0
  m_ImportantGI: 0
  m_StitchLightmapSeams: 0
  m_SelectedEditorRenderState: 3
  m_MinimumChartSize: 4
  m_AutoUVMaxDistance: 0.5
  m_AutoUVMaxAngle: 89
  m_LightmapParameters: {fileID: 0}
  m_SortingLayerID: 0
  m_SortingLayer: 0
  m_SortingOrder: 0
  serializedVersion: 2
  m_Quality: 0
  m_UpdateWhenOffscreen: 0
  m_SkinnedMotionVectors: 1
  m_Mesh: {fileID: 4300002, guid: 6741e84168819a340affa61060b61c28, type: 3}
  m_Bones:
  - {fileID: 1635263651948835267}
  - {fileID: 6550937466820188447}
  - {fileID: 1309097996330872650}
  - {fileID: 4425234611793031158}
  - {fileID: 8944768574208138468}
  - {fileID: 6530872978353455635}
  - {fileID: 7316652265561746272}
  - {fileID: 6543415118846363443}
  - {fileID: 2460294428575647831}
  - {fileID: 9114810424355679521}
  - {fileID: 1538136890176894085}
  - {fileID: 446221282774800763}
  - {fileID: 8291787985133145893}
  - {fileID: 5562524749780591659}
  - {fileID: 4699373187313614834}
  - {fileID: 413804488524964503}
  - {fileID: 1840877928888924281}
  - {fileID: 5827978307299745073}
  - {fileID: 2491202981287569311}
  - {fileID: 4426186303575800150}
  - {fileID: 8244563161905502865}
  - {fileID: 6278193073457685937}
  - {fileID: 8128095873952809409}
  - {fileID: 2734535873718439957}
  - {fileID: 8577265245996776384}
  - {fileID: 460314626561528230}
  - {fileID: 5636885393674421734}
  - {fileID: 64693346530234830}
  - {fileID: 4270175583263713524}
  - {fileID: 810049849281414352}
  - {fileID: 5624092263704012424}
  - {fileID: 4155763771076007322}
  - {fileID: 9173740346861741771}
  - {fileID: 9940058819953695}
  - {fileID: 7025465728630684047}
  - {fileID: 4708442847895805046}
  - {fileID: 7544245976052733874}
  - {fileID: 7033115847911735813}
  - {fileID: 2390819793936853221}
  - {fileID: 3949192269089180749}
  - {fileID: 4104422042263328754}
  - {fileID: 6781997396922711685}
  - {fileID: 1983517360156544228}
  - {fileID: 2941549704112491839}
  - {fileID: 4950210118165737084}
  - {fileID: 9031643597056554471}
  - {fileID: 8968774007139002441}
  - {fileID: 7917627407569041784}
  - {fileID: 3434354839458413683}
  - {fileID: 3940657205298923544}
  - {fileID: 6175113267113502065}
  - {fileID: 388689736382497927}
  m_BlendShapeWeights: []
  m_RootBone: {fileID: 1635263651948835267}
  m_AABB:
    m_Center: {x: 0.054416507, y: -0.14754295, z: 0.34422386}
    m_Extent: {x: 0.58656037, y: 0.7940604, z: 0.50872403}
  m_DirtyAABB: 0
--- !u!1 &7205878740819756374
GameObject:
  m_ObjectHideFlags: 0
  m_CorrespondingSourceObject: {fileID: 0}
  m_PrefabInstance: {fileID: 0}
  m_PrefabAsset: {fileID: 0}
  serializedVersion: 6
  m_Component:
  - component: {fileID: 7496021220039460556}
  m_Layer: 11
  m_Name: mixamorig:LeftEye
  m_TagString: Untagged
  m_Icon: {fileID: 0}
  m_NavMeshLayer: 0
  m_StaticEditorFlags: 0
  m_IsActive: 1
--- !u!4 &7496021220039460556
Transform:
  m_ObjectHideFlags: 0
  m_CorrespondingSourceObject: {fileID: 0}
  m_PrefabInstance: {fileID: 0}
  m_PrefabAsset: {fileID: 0}
  m_GameObject: {fileID: 7205878740819756374}
  m_LocalRotation: {x: 0, y: -0, z: -0, w: 1}
  m_LocalPosition: {x: -0.030675607, y: 0.06409507, z: 0.09283554}
  m_LocalScale: {x: 1, y: 1, z: 1}
  m_Children: []
  m_Father: {fileID: 6530872978353455635}
  m_RootOrder: 1
  m_LocalEulerAnglesHint: {x: 0, y: 0, z: 0}
--- !u!1 &7367139426135248034
GameObject:
  m_ObjectHideFlags: 0
  m_CorrespondingSourceObject: {fileID: 0}
  m_PrefabInstance: {fileID: 0}
  m_PrefabAsset: {fileID: 0}
  serializedVersion: 6
  m_Component:
  - component: {fileID: 2952997526699138095}
  m_Layer: 11
  m_Name: mixamorig:RightEye
  m_TagString: Untagged
  m_Icon: {fileID: 0}
  m_NavMeshLayer: 0
  m_StaticEditorFlags: 0
  m_IsActive: 1
--- !u!4 &2952997526699138095
Transform:
  m_ObjectHideFlags: 0
  m_CorrespondingSourceObject: {fileID: 0}
  m_PrefabInstance: {fileID: 0}
  m_PrefabAsset: {fileID: 0}
  m_GameObject: {fileID: 7367139426135248034}
  m_LocalRotation: {x: 0, y: -0, z: -0, w: 1}
  m_LocalPosition: {x: 0.030675504, y: 0.064095, z: 0.09283547}
  m_LocalScale: {x: 1, y: 1, z: 1}
  m_Children: []
  m_Father: {fileID: 6530872978353455635}
  m_RootOrder: 2
  m_LocalEulerAnglesHint: {x: 0, y: 0, z: 0}
--- !u!1 &7428899772977008290
GameObject:
  m_ObjectHideFlags: 0
  m_CorrespondingSourceObject: {fileID: 0}
  m_PrefabInstance: {fileID: 0}
  m_PrefabAsset: {fileID: 0}
  serializedVersion: 6
  m_Component:
  - component: {fileID: 3721199205436217693}
  - component: {fileID: 811734190042822501}
  m_Layer: 11
  m_Name: Beta_Joints
  m_TagString: Untagged
  m_Icon: {fileID: 0}
  m_NavMeshLayer: 0
  m_StaticEditorFlags: 0
  m_IsActive: 1
--- !u!4 &3721199205436217693
Transform:
  m_ObjectHideFlags: 0
  m_CorrespondingSourceObject: {fileID: 0}
  m_PrefabInstance: {fileID: 0}
  m_PrefabAsset: {fileID: 0}
  m_GameObject: {fileID: 7428899772977008290}
  m_LocalRotation: {x: 0, y: -0, z: -0, w: 1}
  m_LocalPosition: {x: -0, y: 0, z: 0}
  m_LocalScale: {x: 1, y: 1, z: 1}
  m_Children: []
  m_Father: {fileID: 545145528}
  m_RootOrder: 0
  m_LocalEulerAnglesHint: {x: 0, y: 0, z: 0}
--- !u!137 &811734190042822501
SkinnedMeshRenderer:
  m_ObjectHideFlags: 0
  m_CorrespondingSourceObject: {fileID: 0}
  m_PrefabInstance: {fileID: 0}
  m_PrefabAsset: {fileID: 0}
  m_GameObject: {fileID: 7428899772977008290}
  m_Enabled: 1
  m_CastShadows: 1
  m_ReceiveShadows: 1
  m_DynamicOccludee: 1
  m_MotionVectors: 1
  m_LightProbeUsage: 1
  m_ReflectionProbeUsage: 1
  m_RenderingLayerMask: 1
  m_RendererPriority: 0
  m_Materials:
  - {fileID: 2100000, guid: 6741e84168819a340affa61060b61c28, type: 3}
  m_StaticBatchInfo:
    firstSubMesh: 0
    subMeshCount: 0
  m_StaticBatchRoot: {fileID: 0}
  m_ProbeAnchor: {fileID: 0}
  m_LightProbeVolumeOverride: {fileID: 0}
  m_ScaleInLightmap: 1
  m_ReceiveGI: 1
  m_PreserveUVs: 0
  m_IgnoreNormalsForChartDetection: 0
  m_ImportantGI: 0
  m_StitchLightmapSeams: 0
  m_SelectedEditorRenderState: 3
  m_MinimumChartSize: 4
  m_AutoUVMaxDistance: 0.5
  m_AutoUVMaxAngle: 89
  m_LightmapParameters: {fileID: 0}
  m_SortingLayerID: 0
  m_SortingLayer: 0
  m_SortingOrder: 0
  serializedVersion: 2
  m_Quality: 0
  m_UpdateWhenOffscreen: 0
  m_SkinnedMotionVectors: 1
  m_Mesh: {fileID: 4300000, guid: 6741e84168819a340affa61060b61c28, type: 3}
  m_Bones:
  - {fileID: 1635263651948835267}
  - {fileID: 6550937466820188447}
  - {fileID: 1309097996330872650}
  - {fileID: 4425234611793031158}
  - {fileID: 8944768574208138468}
  - {fileID: 6530872978353455635}
  - {fileID: 7316652265561746272}
  - {fileID: 6543415118846363443}
  - {fileID: 2460294428575647831}
  - {fileID: 9114810424355679521}
  - {fileID: 1538136890176894085}
  - {fileID: 446221282774800763}
  - {fileID: 8291787985133145893}
  - {fileID: 5562524749780591659}
  - {fileID: 4699373187313614834}
  - {fileID: 413804488524964503}
  - {fileID: 1840877928888924281}
  - {fileID: 5827978307299745073}
  - {fileID: 2491202981287569311}
  - {fileID: 4426186303575800150}
  - {fileID: 8244563161905502865}
  - {fileID: 6278193073457685937}
  - {fileID: 8128095873952809409}
  - {fileID: 2734535873718439957}
  - {fileID: 8577265245996776384}
  - {fileID: 6175113267113502065}
  - {fileID: 460314626561528230}
  - {fileID: 5636885393674421734}
  - {fileID: 64693346530234830}
  - {fileID: 4270175583263713524}
  - {fileID: 810049849281414352}
  - {fileID: 5624092263704012424}
  - {fileID: 4155763771076007322}
  - {fileID: 9173740346861741771}
  - {fileID: 9940058819953695}
  - {fileID: 7025465728630684047}
  - {fileID: 4708442847895805046}
  - {fileID: 7544245976052733874}
  - {fileID: 7033115847911735813}
  - {fileID: 2390819793936853221}
  - {fileID: 3949192269089180749}
  - {fileID: 4104422042263328754}
  - {fileID: 6781997396922711685}
  - {fileID: 1983517360156544228}
  - {fileID: 388689736382497927}
  - {fileID: 2941549704112491839}
  - {fileID: 4950210118165737084}
  - {fileID: 9031643597056554471}
  - {fileID: 8968774007139002441}
  - {fileID: 7917627407569041784}
  - {fileID: 3434354839458413683}
  - {fileID: 3940657205298923544}
  m_BlendShapeWeights: []
  m_RootBone: {fileID: 1635263651948835267}
  m_AABB:
    m_Center: {x: 0.06169364, y: -0.23488829, z: 0.33639106}
    m_Extent: {x: 0.53960395, y: 0.70194864, z: 0.5011563}
  m_DirtyAABB: 0
--- !u!1 &7797257100635811511
GameObject:
  m_ObjectHideFlags: 0
  m_CorrespondingSourceObject: {fileID: 0}
  m_PrefabInstance: {fileID: 0}
  m_PrefabAsset: {fileID: 0}
  serializedVersion: 6
  m_Component:
  - component: {fileID: 4425234611793031158}
  m_Layer: 11
  m_Name: mixamorig:Spine2
  m_TagString: Untagged
  m_Icon: {fileID: 0}
  m_NavMeshLayer: 0
  m_StaticEditorFlags: 0
  m_IsActive: 1
--- !u!4 &4425234611793031158
Transform:
  m_ObjectHideFlags: 0
  m_CorrespondingSourceObject: {fileID: 0}
  m_PrefabInstance: {fileID: 0}
  m_PrefabAsset: {fileID: 0}
  m_GameObject: {fileID: 7797257100635811511}
  m_LocalRotation: {x: 0.2095917, y: 0.03828719, z: -0.022613453, w: 0.9767774}
  m_LocalPosition: {x: -0.0000000034574863, y: 0.09100011, z: -0.013734171}
  m_LocalScale: {x: 1, y: 1, z: 1}
  m_Children:
  - {fileID: 7316652265561746272}
  - {fileID: 8944768574208138468}
  - {fileID: 6175113267113502065}
  m_Father: {fileID: 1309097996330872650}
  m_RootOrder: 0
  m_LocalEulerAnglesHint: {x: 15.989455, y: 4.450236, z: -0.3586444}
--- !u!1 &7962668178018093135
GameObject:
  m_ObjectHideFlags: 0
  m_CorrespondingSourceObject: {fileID: 0}
  m_PrefabInstance: {fileID: 0}
  m_PrefabAsset: {fileID: 0}
  serializedVersion: 6
  m_Component:
  - component: {fileID: 6550937466820188447}
  m_Layer: 11
  m_Name: mixamorig:Spine
  m_TagString: Untagged
  m_Icon: {fileID: 0}
  m_NavMeshLayer: 0
  m_StaticEditorFlags: 0
  m_IsActive: 1
--- !u!4 &6550937466820188447
Transform:
  m_ObjectHideFlags: 0
  m_CorrespondingSourceObject: {fileID: 0}
  m_PrefabInstance: {fileID: 0}
  m_PrefabAsset: {fileID: 0}
  m_GameObject: {fileID: 7962668178018093135}
  m_LocalRotation: {x: 0.106968, y: 0.018036414, z: -0.021407343, w: 0.99386835}
  m_LocalPosition: {x: -0.00000009234152, y: 0.10181588, z: 0.0013152092}
  m_LocalScale: {x: 1, y: 1, z: 1}
  m_Children:
  - {fileID: 1309097996330872650}
  m_Father: {fileID: 1635263651948835267}
  m_RootOrder: 2
  m_LocalEulerAnglesHint: {x: 8.13057, y: 2.0404856, z: -1.2746588}
--- !u!1 &8054491175809564781
GameObject:
  m_ObjectHideFlags: 0
  m_CorrespondingSourceObject: {fileID: 0}
  m_PrefabInstance: {fileID: 0}
  m_PrefabAsset: {fileID: 0}
  serializedVersion: 6
  m_Component:
  - component: {fileID: 1635263651948835267}
  m_Layer: 11
  m_Name: mixamorig:Hips
  m_TagString: Untagged
  m_Icon: {fileID: 0}
  m_NavMeshLayer: 0
  m_StaticEditorFlags: 0
  m_IsActive: 1
--- !u!4 &1635263651948835267
Transform:
  m_ObjectHideFlags: 0
  m_CorrespondingSourceObject: {fileID: 0}
  m_PrefabInstance: {fileID: 0}
  m_PrefabAsset: {fileID: 0}
  m_GameObject: {fileID: 8054491175809564781}
  m_LocalRotation: {x: 0.076209135, y: -0.50271434, z: -0.025627987, w: 0.8607054}
  m_LocalPosition: {x: 0.00014704227, y: 0.89100033, z: -0.011423522}
  m_LocalScale: {x: 1, y: 1, z: 1}
  m_Children:
  - {fileID: 388689736382497927}
  - {fileID: 8968774007139002441}
  - {fileID: 6550937466820188447}
  m_Father: {fileID: 545145528}
  m_RootOrder: 2
  m_LocalEulerAnglesHint: {x: 3.2450392, y: -56.119373, z: -5.0480638}
--- !u!1 &8223769110097591783
GameObject:
  m_ObjectHideFlags: 0
  m_CorrespondingSourceObject: {fileID: 0}
  m_PrefabInstance: {fileID: 0}
  m_PrefabAsset: {fileID: 0}
  serializedVersion: 6
  m_Component:
  - component: {fileID: 7917627407569041784}
  m_Layer: 11
  m_Name: mixamorig:RightLeg
  m_TagString: Untagged
  m_Icon: {fileID: 0}
  m_NavMeshLayer: 0
  m_StaticEditorFlags: 0
  m_IsActive: 1
--- !u!4 &7917627407569041784
Transform:
  m_ObjectHideFlags: 0
  m_CorrespondingSourceObject: {fileID: 0}
  m_PrefabInstance: {fileID: 0}
  m_PrefabAsset: {fileID: 0}
  m_GameObject: {fileID: 8223769110097591783}
  m_LocalRotation: {x: 0.29492638, y: -0.041582897, z: -0.013916555, w: 0.9545133}
  m_LocalPosition: {x: -8.435572e-10, y: -0.44370535, z: 0.0028615638}
  m_LocalScale: {x: 1, y: 1, z: 1}
  m_Children:
  - {fileID: 3434354839458413683}
  m_Father: {fileID: 8968774007139002441}
  m_RootOrder: 0
  m_LocalEulerAnglesHint: {x: 37.279716, y: -0.3855352, z: -0.015185799}
--- !u!1 &8339654045495231555
GameObject:
  m_ObjectHideFlags: 0
  m_CorrespondingSourceObject: {fileID: 0}
  m_PrefabInstance: {fileID: 0}
  m_PrefabAsset: {fileID: 0}
  serializedVersion: 6
  m_Component:
  - component: {fileID: 7942969092621348289}
  m_Layer: 11
  m_Name: mixamorig:RightHandThumb4
  m_TagString: Untagged
  m_Icon: {fileID: 0}
  m_NavMeshLayer: 0
  m_StaticEditorFlags: 0
  m_IsActive: 1
--- !u!4 &7942969092621348289
Transform:
  m_ObjectHideFlags: 0
  m_CorrespondingSourceObject: {fileID: 0}
  m_PrefabInstance: {fileID: 0}
  m_PrefabAsset: {fileID: 0}
  m_GameObject: {fileID: 8339654045495231555}
  m_LocalRotation: {x: 0, y: -0, z: -0, w: 1}
  m_LocalPosition: {x: 0.019545805, y: -0.011284617, z: 0.01128507}
  m_LocalScale: {x: 1, y: 1, z: 1}
  m_Children: []
  m_Father: {fileID: 1983517360156544228}
  m_RootOrder: 0
  m_LocalEulerAnglesHint: {x: 0, y: 0, z: 0}
--- !u!1 &8343147404512220807
GameObject:
  m_ObjectHideFlags: 0
  m_CorrespondingSourceObject: {fileID: 0}
  m_PrefabInstance: {fileID: 0}
  m_PrefabAsset: {fileID: 0}
  serializedVersion: 6
  m_Component:
  - component: {fileID: 3434354839458413683}
  m_Layer: 11
  m_Name: mixamorig:RightFoot
  m_TagString: Untagged
  m_Icon: {fileID: 0}
  m_NavMeshLayer: 0
  m_StaticEditorFlags: 0
  m_IsActive: 1
--- !u!4 &3434354839458413683
Transform:
  m_ObjectHideFlags: 0
  m_CorrespondingSourceObject: {fileID: 0}
  m_PrefabInstance: {fileID: 0}
  m_PrefabAsset: {fileID: 0}
  m_GameObject: {fileID: 8343147404512220807}
  m_LocalRotation: {x: 0.0627614, y: 0.003515044, z: -0.15631554, w: 0.9857049}
  m_LocalPosition: {x: -0.000000009644582, y: -0.4442773, z: -0.02983789}
  m_LocalScale: {x: 1, y: 1, z: 1}
  m_Children:
  - {fileID: 3940657205298923544}
  m_Father: {fileID: 7917627407569041784}
  m_RootOrder: 0
  m_LocalEulerAnglesHint: {x: 3.2080288, y: -0.13551414, z: -16.449701}
--- !u!1 &8430019982994360531
GameObject:
  m_ObjectHideFlags: 0
  m_CorrespondingSourceObject: {fileID: 0}
  m_PrefabInstance: {fileID: 0}
  m_PrefabAsset: {fileID: 0}
  serializedVersion: 6
  m_Component:
  - component: {fileID: 9173740346861741771}
  m_Layer: 11
  m_Name: mixamorig:RightHandRing2
  m_TagString: Untagged
  m_Icon: {fileID: 0}
  m_NavMeshLayer: 0
  m_StaticEditorFlags: 0
  m_IsActive: 1
--- !u!4 &9173740346861741771
Transform:
  m_ObjectHideFlags: 0
  m_CorrespondingSourceObject: {fileID: 0}
  m_PrefabInstance: {fileID: 0}
  m_PrefabAsset: {fileID: 0}
  m_GameObject: {fileID: 8430019982994360531}
  m_LocalRotation: {x: -6.938894e-18, y: 1.3877788e-17, z: 4.336809e-18, w: 1}
  m_LocalPosition: {x: 0.031540267, y: 0.00000023997296, z: 0.0000004885121}
  m_LocalScale: {x: 1, y: 1, z: 1}
  m_Children:
  - {fileID: 9940058819953695}
  m_Father: {fileID: 4155763771076007322}
  m_RootOrder: 0
  m_LocalEulerAnglesHint: {x: 2.1027813, y: 6.3742447, z: -50.354984}
--- !u!1 &8466248270362064792
GameObject:
  m_ObjectHideFlags: 0
  m_CorrespondingSourceObject: {fileID: 0}
  m_PrefabInstance: {fileID: 0}
  m_PrefabAsset: {fileID: 0}
  serializedVersion: 6
  m_Component:
  - component: {fileID: 388689736382497927}
  m_Layer: 11
  m_Name: mixamorig:LeftUpLeg
  m_TagString: Untagged
  m_Icon: {fileID: 0}
  m_NavMeshLayer: 0
  m_StaticEditorFlags: 0
  m_IsActive: 1
--- !u!4 &388689736382497927
Transform:
  m_ObjectHideFlags: 0
  m_CorrespondingSourceObject: {fileID: 0}
  m_PrefabInstance: {fileID: 0}
  m_PrefabAsset: {fileID: 0}
  m_GameObject: {fileID: 8466248270362064792}
  m_LocalRotation: {x: -0.28304467, y: -0.08329258, z: -0.16361758, w: 0.94136995}
  m_LocalPosition: {x: -0.082077816, y: -0.06751714, z: -0.015995556}
  m_LocalScale: {x: 1, y: 1, z: 1}
  m_Children:
  - {fileID: 2941549704112491839}
  m_Father: {fileID: 1635263651948835267}
  m_RootOrder: 0
  m_LocalEulerAnglesHint: {x: -28.674189, y: -4.0437307, z: -16.124651}
--- !u!1 &8563433373951202320
GameObject:
  m_ObjectHideFlags: 0
  m_CorrespondingSourceObject: {fileID: 0}
  m_PrefabInstance: {fileID: 0}
  m_PrefabAsset: {fileID: 0}
  serializedVersion: 6
  m_Component:
  - component: {fileID: 4104422042263328754}
  m_Layer: 11
  m_Name: mixamorig:RightHandThumb1
  m_TagString: Untagged
  m_Icon: {fileID: 0}
  m_NavMeshLayer: 0
  m_StaticEditorFlags: 0
  m_IsActive: 1
--- !u!4 &4104422042263328754
Transform:
  m_ObjectHideFlags: 0
  m_CorrespondingSourceObject: {fileID: 0}
  m_PrefabInstance: {fileID: 0}
  m_PrefabAsset: {fileID: 0}
  m_GameObject: {fileID: 8563433373951202320}
  m_LocalRotation: {x: -0.014393145, y: 0.032062314, z: 0.056971442, w: 0.9977571}
  m_LocalPosition: {x: 0.024648061, y: -0.015727142, z: 0.026826264}
  m_LocalScale: {x: 1, y: 1, z: 1}
  m_Children:
  - {fileID: 6781997396922711685}
  m_Father: {fileID: 64693346530234830}
  m_RootOrder: 4
  m_LocalEulerAnglesHint: {x: -1.4894283, y: 0.11569858, z: 14.821416}
--- !u!1 &8654926536081320496
GameObject:
  m_ObjectHideFlags: 0
  m_CorrespondingSourceObject: {fileID: 0}
  m_PrefabInstance: {fileID: 0}
  m_PrefabAsset: {fileID: 0}
  serializedVersion: 6
  m_Component:
  - component: {fileID: 1876566871110062385}
  m_Layer: 11
  m_Name: mixamorig:RightToe_End
  m_TagString: Untagged
  m_Icon: {fileID: 0}
  m_NavMeshLayer: 0
  m_StaticEditorFlags: 0
  m_IsActive: 1
--- !u!4 &1876566871110062385
Transform:
  m_ObjectHideFlags: 0
  m_CorrespondingSourceObject: {fileID: 0}
  m_PrefabInstance: {fileID: 0}
  m_PrefabAsset: {fileID: 0}
  m_GameObject: {fileID: 8654926536081320496}
  m_LocalRotation: {x: 0, y: -0, z: -0, w: 1}
  m_LocalPosition: {x: 0.000000020942645, y: -0.000006763694, z: 0.0927812}
  m_LocalScale: {x: 1, y: 1, z: 1}
  m_Children: []
  m_Father: {fileID: 3940657205298923544}
  m_RootOrder: 0
  m_LocalEulerAnglesHint: {x: 0, y: 0, z: 0}
--- !u!1 &8836924095927591465
GameObject:
  m_ObjectHideFlags: 0
  m_CorrespondingSourceObject: {fileID: 0}
  m_PrefabInstance: {fileID: 0}
  m_PrefabAsset: {fileID: 0}
  serializedVersion: 6
  m_Component:
  - component: {fileID: 9031643597056554471}
  m_Layer: 11
  m_Name: mixamorig:LeftToeBase
  m_TagString: Untagged
  m_Icon: {fileID: 0}
  m_NavMeshLayer: 0
  m_StaticEditorFlags: 0
  m_IsActive: 1
--- !u!4 &9031643597056554471
Transform:
  m_ObjectHideFlags: 0
  m_CorrespondingSourceObject: {fileID: 0}
  m_PrefabInstance: {fileID: 0}
  m_PrefabAsset: {fileID: 0}
  m_GameObject: {fileID: 8836924095927591465}
  m_LocalRotation: {x: -0.00000008452416, y: 0.000000056007224, z: -0.0000000048876174,
    w: 1}
  m_LocalPosition: {x: 0.000000029609879, y: -0.087286696, z: 0.1071056}
  m_LocalScale: {x: 1, y: 1, z: 1}
  m_Children:
  - {fileID: 2652808058313564207}
  m_Father: {fileID: 4950210118165737084}
  m_RootOrder: 0
  m_LocalEulerAnglesHint: {x: -0.10708849, y: -0.000011484519, z: -0.0000012135754}
--- !u!1 &8894784972565571145
GameObject:
  m_ObjectHideFlags: 0
  m_CorrespondingSourceObject: {fileID: 0}
  m_PrefabInstance: {fileID: 0}
  m_PrefabAsset: {fileID: 0}
  serializedVersion: 6
  m_Component:
  - component: {fileID: 3940657205298923544}
  m_Layer: 11
  m_Name: mixamorig:RightToeBase
  m_TagString: Untagged
  m_Icon: {fileID: 0}
  m_NavMeshLayer: 0
  m_StaticEditorFlags: 0
  m_IsActive: 1
--- !u!4 &3940657205298923544
Transform:
  m_ObjectHideFlags: 0
  m_CorrespondingSourceObject: {fileID: 0}
  m_PrefabInstance: {fileID: 0}
  m_PrefabAsset: {fileID: 0}
  m_GameObject: {fileID: 8894784972565571145}
  m_LocalRotation: {x: -0.00000003376708, y: -2.9965707e-15, z: 0.000000077234766,
    w: 1}
  m_LocalPosition: {x: 0.00000002360438, y: -0.08728669, z: 0.107105605}
  m_LocalScale: {x: 1, y: 1, z: 1}
  m_Children:
  - {fileID: 1876566871110062385}
  m_Father: {fileID: 3434354839458413683}
  m_RootOrder: 0
  m_LocalEulerAnglesHint: {x: -0.01340755, y: -0.000008520251, z: -0.0000003874222}
--- !u!1 &9156037524965949744
GameObject:
  m_ObjectHideFlags: 0
  m_CorrespondingSourceObject: {fileID: 0}
  m_PrefabInstance: {fileID: 0}
  m_PrefabAsset: {fileID: 0}
  serializedVersion: 6
  m_Component:
  - component: {fileID: 5562524749780591659}
  m_Layer: 11
  m_Name: mixamorig:LeftHandIndex1
  m_TagString: Untagged
  m_Icon: {fileID: 0}
  m_NavMeshLayer: 0
  m_StaticEditorFlags: 0
  m_IsActive: 1
--- !u!4 &5562524749780591659
Transform:
  m_ObjectHideFlags: 0
  m_CorrespondingSourceObject: {fileID: 0}
  m_PrefabInstance: {fileID: 0}
  m_PrefabAsset: {fileID: 0}
  m_GameObject: {fileID: 9156037524965949744}
  m_LocalRotation: {x: -0.000000100110604, y: 0.00018573129, z: -0.0015459437, w: 0.9999988}
  m_LocalPosition: {x: -0.09109301, y: -0.005170834, z: 0.02260073}
  m_LocalScale: {x: 1, y: 1, z: 1}
  m_Children:
  - {fileID: 4699373187313614834}
  m_Father: {fileID: 9114810424355679521}
  m_RootOrder: 0
  m_LocalEulerAnglesHint: {x: 5.187928, y: -12.972592, z: 5.4379416}
