%YAML 1.1
%TAG !u! tag:unity3d.com,2011:
--- !u!1 &1673085088958168758
GameObject:
  m_ObjectHideFlags: 0
  m_CorrespondingSourceObject: {fileID: 0}
  m_PrefabInstance: {fileID: 0}
  m_PrefabAsset: {fileID: 0}
  serializedVersion: 6
  m_Component:
  - component: {fileID: 1200562336693063665}
  m_Layer: 10
  m_Name: PosicionObjetos
  m_TagString: Untagged
  m_Icon: {fileID: 0}
  m_NavMeshLayer: 0
  m_StaticEditorFlags: 0
  m_IsActive: 1
--- !u!4 &1200562336693063665
Transform:
  m_ObjectHideFlags: 0
  m_CorrespondingSourceObject: {fileID: 0}
  m_PrefabInstance: {fileID: 0}
  m_PrefabAsset: {fileID: 0}
  m_GameObject: {fileID: 1673085088958168758}
  m_LocalRotation: {x: 0, y: 0, z: 0, w: 1}
  m_LocalPosition: {x: -0.1009, y: 0.0205, z: -0.0473}
  m_LocalScale: {x: 1, y: 1, z: 1}
  m_Children:
  - {fileID: 1766926453368308953}
  m_Father: {fileID: 2319054641420838198}
  m_RootOrder: 5
  m_LocalEulerAnglesHint: {x: 0, y: 0, z: 0}
--- !u!1 &1935559134194954793
GameObject:
  m_ObjectHideFlags: 0
  m_CorrespondingSourceObject: {fileID: 0}
  m_PrefabInstance: {fileID: 0}
  m_PrefabAsset: {fileID: 0}
  serializedVersion: 6
  m_Component:
  - component: {fileID: 5588683315504073037}
  m_Layer: 10
  m_Name: Lanzagranada
  m_TagString: Untagged
  m_Icon: {fileID: 0}
  m_NavMeshLayer: 0
  m_StaticEditorFlags: 0
  m_IsActive: 1
--- !u!4 &5588683315504073037
Transform:
  m_ObjectHideFlags: 0
  m_CorrespondingSourceObject: {fileID: 0}
  m_PrefabInstance: {fileID: 0}
  m_PrefabAsset: {fileID: 0}
  m_GameObject: {fileID: 1935559134194954793}
  m_LocalRotation: {x: -0.263846, y: -0, z: 0.000000007450581, w: 0.96456486}
  m_LocalPosition: {x: 0.527, y: 1.902, z: 0.184}
  m_LocalScale: {x: 1, y: 1, z: 1}
  m_Children: []
  m_Father: {fileID: 3705352802002328358}
  m_RootOrder: 4
  m_LocalEulerAnglesHint: {x: -30.597002, y: 0, z: 0}
--- !u!1 &2772392817898408235
GameObject:
  m_ObjectHideFlags: 0
  m_CorrespondingSourceObject: {fileID: 0}
  m_PrefabInstance: {fileID: 0}
  m_PrefabAsset: {fileID: 0}
  serializedVersion: 6
  m_Component:
  - component: {fileID: 5855409379176705634}
  m_Layer: 10
  m_Name: PuntoPivoteCamara
  m_TagString: Untagged
  m_Icon: {fileID: 0}
  m_NavMeshLayer: 0
  m_StaticEditorFlags: 0
  m_IsActive: 1
--- !u!4 &5855409379176705634
Transform:
  m_ObjectHideFlags: 0
  m_CorrespondingSourceObject: {fileID: 0}
  m_PrefabInstance: {fileID: 0}
  m_PrefabAsset: {fileID: 0}
  m_GameObject: {fileID: 2772392817898408235}
  m_LocalRotation: {x: 0, y: 0, z: 0, w: 1}
  m_LocalPosition: {x: 0, y: 1.407, z: 0}
  m_LocalScale: {x: 1, y: 1, z: 1}
  m_Children: []
  m_Father: {fileID: 3705352802002328358}
  m_RootOrder: 3
  m_LocalEulerAnglesHint: {x: 0, y: 0, z: 0}
--- !u!114 &5294500082027846733
MonoBehaviour:
  m_ObjectHideFlags: 0
  m_CorrespondingSourceObject: {fileID: 0}
  m_PrefabInstance: {fileID: 0}
  m_PrefabAsset: {fileID: 0}
  m_GameObject: {fileID: 3389056113703192545}
  m_Enabled: 0
  m_EditorHideFlags: 0
  m_Script: {fileID: 11500000, guid: e97f9b4db4443f54aa0741b9916dac30, type: 3}
  m_Name: 
  m_EditorClassIdentifier: 
  speed: 6
  speedNormal: 6
  speedMejorada: 10
  vida: 100
  vidaMax: 100
  vidaMaxMejorada: 200
  vidaMaxNormal: 100
  puntos: 0
  jumpSpeed: 8
  gravity: 20
  rot_speed: 3
  anim: {fileID: 0}
  posicionObjetos: {fileID: 0}
  lanzaGranada: {fileID: 5588683315504073037}
  targetCamara: {fileID: 0}
  isShopping: 0
  isRunning: 0
  objetoAtual: {fileID: 0}
  armaActual: {fileID: 0}
  consumibleActual: {fileID: 0}
  objetosRecogibles:
    serializedVersion: 2
    m_Bits: 0
  inventario: {fileID: 0}
  balasCargador: {fileID: 0}
  balasBolsillo: {fileID: 0}
  puntosText: {fileID: 0}
  vidaText: {fileID: 0}
  objetoEnMano: -1
  mejoraVida: 0
  mejoraVelocidad: 0
  mejoraRecargarSpeed: 0
  mejoraDisparo: 0
--- !u!1 &3576584951161561756
GameObject:
  m_ObjectHideFlags: 0
  m_CorrespondingSourceObject: {fileID: 0}
  m_PrefabInstance: {fileID: 0}
  m_PrefabAsset: {fileID: 0}
  serializedVersion: 6
  m_Component:
  - component: {fileID: 1766926453368308953}
  m_Layer: 10
  m_Name: PosicionApuntado
  m_TagString: Untagged
  m_Icon: {fileID: 0}
  m_NavMeshLayer: 0
  m_StaticEditorFlags: 0
  m_IsActive: 1
--- !u!4 &1766926453368308953
Transform:
  m_ObjectHideFlags: 0
  m_CorrespondingSourceObject: {fileID: 0}
  m_PrefabInstance: {fileID: 0}
  m_PrefabAsset: {fileID: 0}
  m_GameObject: {fileID: 3576584951161561756}
  m_LocalRotation: {x: 0, y: 0, z: 0, w: 1}
  m_LocalPosition: {x: 0, y: 0, z: 0}
  m_LocalScale: {x: 1, y: 1, z: 1}
  m_Children: []
  m_Father: {fileID: 1200562336693063665}
  m_RootOrder: 0
  m_LocalEulerAnglesHint: {x: 0, y: 0, z: 0}
--- !u!1 &4194035389028641493
GameObject:
  m_ObjectHideFlags: 0
  m_CorrespondingSourceObject: {fileID: 0}
  m_PrefabInstance: {fileID: 0}
  m_PrefabAsset: {fileID: 0}
  serializedVersion: 6
  m_Component:
  - component: {fileID: 3705352802002328358}
  - component: {fileID: 4742535627203771243}
  - component: {fileID: 8203184071716271236}
  - component: {fileID: 3037043345293201112}
  - component: {fileID: 3329020862117654976}
  - component: {fileID: 8424866722697084430}
  m_Layer: 10
  m_Name: Player
  m_TagString: Player
  m_Icon: {fileID: 0}
  m_NavMeshLayer: 0
  m_StaticEditorFlags: 0
  m_IsActive: 1
--- !u!4 &3705352802002328358
Transform:
  m_ObjectHideFlags: 0
  m_CorrespondingSourceObject: {fileID: 0}
  m_PrefabInstance: {fileID: 0}
  m_PrefabAsset: {fileID: 0}
  m_GameObject: {fileID: 4194035389028641493}
  m_LocalRotation: {x: 0, y: 0, z: 0, w: 1}
  m_LocalPosition: {x: 0.73772806, y: 6.172838, z: -11.089493}
  m_LocalScale: {x: 1, y: 1, z: 1}
  m_Children:
  - {fileID: 1824803703076681202}
  - {fileID: 168054495476675112}
  - {fileID: 6777348477090504399}
  - {fileID: 5855409379176705634}
  - {fileID: 5588683315504073037}
  m_Father: {fileID: 0}
  m_RootOrder: 0
  m_LocalEulerAnglesHint: {x: 0, y: 0, z: 0}
--- !u!114 &4742535627203771243
MonoBehaviour:
  m_ObjectHideFlags: 0
  m_CorrespondingSourceObject: {fileID: 0}
  m_PrefabInstance: {fileID: 0}
  m_PrefabAsset: {fileID: 0}
  m_GameObject: {fileID: 4194035389028641493}
  m_Enabled: 1
  m_EditorHideFlags: 0
  m_Script: {fileID: 11500000, guid: e97f9b4db4443f54aa0741b9916dac30, type: 3}
  m_Name: 
  m_EditorClassIdentifier: 
  speed: 2.4
  speedNormal: 6
  speedMejorada: 10
  vida: 120
  vidaMax: 120
  vidaMaxMejorada: 220
  vidaMaxNormal: 100
  puntos: 0
  jumpSpeed: 8
  gravity: 20
  rot_speed: 3
  anim: {fileID: 8635936565419792520}
  posicionObjetos: {fileID: 1200562336693063665}
  lanzaGranada: {fileID: 5588683315504073037}
  targetCamara: {fileID: 5855409379176705634}
  isShopping: 0
  isRunning: 0
  objetoAtual: {fileID: 0}
  armaActual: {fileID: 0}
  consumibleActual: {fileID: 0}
  objetosRecogibles:
    serializedVersion: 2
    m_Bits: 512
  inventario: {fileID: 0}
  balasCargador: {fileID: 0}
  balasBolsillo: {fileID: 0}
  puntosText: {fileID: 0}
  vidaText: {fileID: 0}
  objetoEnMano: -1
  mejoraVida: 0
  mejoraVelocidad: 0
  mejoraRecargarSpeed: 0
  mejoraDisparo: 0
--- !u!143 &8203184071716271236
CharacterController:
  m_ObjectHideFlags: 0
  m_CorrespondingSourceObject: {fileID: 0}
  m_PrefabInstance: {fileID: 0}
  m_PrefabAsset: {fileID: 0}
  m_GameObject: {fileID: 4194035389028641493}
  m_Material: {fileID: 0}
  m_IsTrigger: 0
  m_Enabled: 1
  serializedVersion: 2
  m_Height: 2
  m_Radius: 0.5
  m_SlopeLimit: 45
  m_StepOffset: 0.3
  m_SkinWidth: 0.08
  m_MinMoveDistance: 0.001
  m_Center: {x: 0, y: 1.06, z: 0}
--- !u!114 &3037043345293201112
MonoBehaviour:
  m_ObjectHideFlags: 0
  m_CorrespondingSourceObject: {fileID: 0}
  m_PrefabInstance: {fileID: 0}
  m_PrefabAsset: {fileID: 0}
  m_GameObject: {fileID: 4194035389028641493}
  m_Enabled: 1
  m_EditorHideFlags: 0
  m_Script: {fileID: 11500000, guid: faf275969d3d9474b855ec5b6b6a0aeb, type: 3}
  m_Name: 
  m_EditorClassIdentifier: 
  objetosInventario: []
  player: {fileID: 0}
  index: 0
--- !u!114 &3329020862117654976
MonoBehaviour:
  m_ObjectHideFlags: 0
  m_CorrespondingSourceObject: {fileID: 0}
  m_PrefabInstance: {fileID: 0}
  m_PrefabAsset: {fileID: 0}
  m_GameObject: {fileID: 4194035389028641493}
  m_Enabled: 1
  m_EditorHideFlags: 0
  m_Script: {fileID: -36112512, guid: 5b00bf8b25851d440940a40ec23344f4, type: 3}
  m_Name: 
  m_EditorClassIdentifier: 
  _sceneGuid: 
  _serializerGuid: 2233fb3b-14ea-427d-b7fb-b30283ee7952
  _prefabId: 14
  _updateRate: 1
  _autoFreezeProxyFrames: 0
  _clientPredicted: 1
  _allowInstantiateOnClient: 1
  _persistThroughSceneLoads: 0
  _sceneObjectDestroyOnDetach: 1
  _sceneObjectAutoAttach: 1
  _alwaysProxy: 0
  _detachOnDisable: 1
  _allowFirstReplicationWhenFrozen: 0
  _autoRemoveChildEntities: 0
  _entityBehaviourQueryOption: 0
  _entityPriorityCalculatorQueryOption: 0
  _entityReplicationFilterQueryOption: 0
--- !u!114 &8424866722697084430
MonoBehaviour:
  m_ObjectHideFlags: 0
  m_CorrespondingSourceObject: {fileID: 0}
  m_PrefabInstance: {fileID: 0}
  m_PrefabAsset: {fileID: 0}
  m_GameObject: {fileID: 4194035389028641493}
  m_Enabled: 1
  m_EditorHideFlags: 0
  m_Script: {fileID: 11500000, guid: 9d0efb58cd8a61e4caf5cd3ba856805e, type: 3}
  m_Name: 
  m_EditorClassIdentifier: 
  player: {fileID: 0}
--- !u!1 &5185352592727734512
GameObject:
  m_ObjectHideFlags: 0
  m_CorrespondingSourceObject: {fileID: 0}
  m_PrefabInstance: {fileID: 0}
  m_PrefabAsset: {fileID: 0}
  serializedVersion: 6
  m_Component:
  - component: {fileID: 6777348477090504399}
  m_Layer: 10
  m_Name: Heart
  m_TagString: heart
  m_Icon: {fileID: 0}
  m_NavMeshLayer: 0
  m_StaticEditorFlags: 0
  m_IsActive: 1
--- !u!4 &6777348477090504399
Transform:
  m_ObjectHideFlags: 0
  m_CorrespondingSourceObject: {fileID: 0}
  m_PrefabInstance: {fileID: 0}
  m_PrefabAsset: {fileID: 0}
  m_GameObject: {fileID: 5185352592727734512}
  m_LocalRotation: {x: 0, y: 0, z: 0, w: 1}
  m_LocalPosition: {x: 0, y: 1.332, z: 0}
  m_LocalScale: {x: 1, y: 1, z: 1}
  m_Children: []
  m_Father: {fileID: 3705352802002328358}
  m_RootOrder: 2
  m_LocalEulerAnglesHint: {x: 0, y: 0, z: 0}
--- !u!1 &7629505661379050874
GameObject:
  m_ObjectHideFlags: 0
  m_CorrespondingSourceObject: {fileID: 0}
  m_PrefabInstance: {fileID: 0}
  m_PrefabAsset: {fileID: 0}
  serializedVersion: 6
  m_Component:
  - component: {fileID: 168054495476675112}
  m_Layer: 10
  m_Name: PosCamera
  m_TagString: Untagged
  m_Icon: {fileID: 0}
  m_NavMeshLayer: 0
  m_StaticEditorFlags: 0
  m_IsActive: 1
--- !u!4 &168054495476675112
Transform:
  m_ObjectHideFlags: 0
  m_CorrespondingSourceObject: {fileID: 0}
  m_PrefabInstance: {fileID: 0}
  m_PrefabAsset: {fileID: 0}
  m_GameObject: {fileID: 7629505661379050874}
  m_LocalRotation: {x: 0, y: 0, z: 0, w: 1}
  m_LocalPosition: {x: 0, y: 0, z: 0}
  m_LocalScale: {x: 1, y: 1, z: 1}
  m_Children: []
  m_Father: {fileID: 3705352802002328358}
  m_RootOrder: 1
  m_LocalEulerAnglesHint: {x: 0, y: 0, z: 0}
--- !u!1001 &6641038696477515496
PrefabInstance:
  m_ObjectHideFlags: 0
  serializedVersion: 2
  m_Modification:
    m_TransformParent: {fileID: 3705352802002328358}
    m_Modifications:
    - target: {fileID: -927199367670048503, guid: 9da5c39b7b8bc614da9906dffd9f7e10,
        type: 3}
      propertyPath: m_Name
      value: PlayerRigg
      objectReference: {fileID: 0}
    - target: {fileID: -927199367670048503, guid: 9da5c39b7b8bc614da9906dffd9f7e10,
        type: 3}
      propertyPath: m_Layer
      value: 10
      objectReference: {fileID: 0}
    - target: {fileID: 8023994364839319052, guid: 9da5c39b7b8bc614da9906dffd9f7e10,
        type: 3}
      propertyPath: m_Layer
      value: 10
      objectReference: {fileID: 0}
    - target: {fileID: 7238728716678963013, guid: 9da5c39b7b8bc614da9906dffd9f7e10,
        type: 3}
      propertyPath: m_Layer
      value: 10
      objectReference: {fileID: 0}
    - target: {fileID: -6057140222963153312, guid: 9da5c39b7b8bc614da9906dffd9f7e10,
        type: 3}
      propertyPath: m_Controller
      value: 
      objectReference: {fileID: 9100000, guid: ad4c2eaaae810b847ae5f2cc92063592, type: 2}
    - target: {fileID: -4216859302048453862, guid: 9da5c39b7b8bc614da9906dffd9f7e10,
        type: 3}
      propertyPath: m_LocalPosition.x
      value: 0
      objectReference: {fileID: 0}
    - target: {fileID: -4216859302048453862, guid: 9da5c39b7b8bc614da9906dffd9f7e10,
        type: 3}
      propertyPath: m_LocalPosition.y
      value: 0
      objectReference: {fileID: 0}
    - target: {fileID: -4216859302048453862, guid: 9da5c39b7b8bc614da9906dffd9f7e10,
        type: 3}
      propertyPath: m_LocalPosition.z
      value: 0
      objectReference: {fileID: 0}
    - target: {fileID: -4216859302048453862, guid: 9da5c39b7b8bc614da9906dffd9f7e10,
        type: 3}
      propertyPath: m_LocalRotation.x
      value: -0
      objectReference: {fileID: 0}
    - target: {fileID: -4216859302048453862, guid: 9da5c39b7b8bc614da9906dffd9f7e10,
        type: 3}
      propertyPath: m_LocalRotation.y
      value: -0
      objectReference: {fileID: 0}
    - target: {fileID: -4216859302048453862, guid: 9da5c39b7b8bc614da9906dffd9f7e10,
        type: 3}
      propertyPath: m_LocalRotation.z
      value: -0
      objectReference: {fileID: 0}
    - target: {fileID: -4216859302048453862, guid: 9da5c39b7b8bc614da9906dffd9f7e10,
        type: 3}
      propertyPath: m_LocalRotation.w
      value: 1
      objectReference: {fileID: 0}
    - target: {fileID: -4216859302048453862, guid: 9da5c39b7b8bc614da9906dffd9f7e10,
        type: 3}
      propertyPath: m_RootOrder
      value: 0
      objectReference: {fileID: 0}
    - target: {fileID: -4216859302048453862, guid: 9da5c39b7b8bc614da9906dffd9f7e10,
        type: 3}
      propertyPath: m_LocalEulerAnglesHint.x
      value: 0
      objectReference: {fileID: 0}
    - target: {fileID: -4216859302048453862, guid: 9da5c39b7b8bc614da9906dffd9f7e10,
        type: 3}
      propertyPath: m_LocalEulerAnglesHint.y
      value: 0
      objectReference: {fileID: 0}
    - target: {fileID: -4216859302048453862, guid: 9da5c39b7b8bc614da9906dffd9f7e10,
        type: 3}
      propertyPath: m_LocalEulerAnglesHint.z
      value: 0
      objectReference: {fileID: 0}
    - target: {fileID: 3429889974318402935, guid: 9da5c39b7b8bc614da9906dffd9f7e10,
        type: 3}
      propertyPath: m_LocalRotation.x
      value: -0.5000004
      objectReference: {fileID: 0}
    - target: {fileID: 3429889974318402935, guid: 9da5c39b7b8bc614da9906dffd9f7e10,
        type: 3}
      propertyPath: m_LocalRotation.y
      value: 0.4999997
      objectReference: {fileID: 0}
    - target: {fileID: 3429889974318402935, guid: 9da5c39b7b8bc614da9906dffd9f7e10,
        type: 3}
      propertyPath: m_LocalRotation.z
      value: 0.49999964
      objectReference: {fileID: 0}
    - target: {fileID: 3429889974318402935, guid: 9da5c39b7b8bc614da9906dffd9f7e10,
        type: 3}
      propertyPath: m_LocalRotation.w
      value: 0.5000003
      objectReference: {fileID: 0}
    - target: {fileID: 3429889974318402935, guid: 9da5c39b7b8bc614da9906dffd9f7e10,
        type: 3}
      propertyPath: m_LocalPosition.x
      value: 0
      objectReference: {fileID: 0}
    - target: {fileID: 3429889974318402935, guid: 9da5c39b7b8bc614da9906dffd9f7e10,
        type: 3}
      propertyPath: m_LocalPosition.y
      value: 0.9338474
      objectReference: {fileID: 0}
    - target: {fileID: 3429889974318402935, guid: 9da5c39b7b8bc614da9906dffd9f7e10,
        type: 3}
      propertyPath: m_LocalPosition.z
      value: 0.008028984
      objectReference: {fileID: 0}
    - target: {fileID: -7179394545242994651, guid: 9da5c39b7b8bc614da9906dffd9f7e10,
        type: 3}
      propertyPath: m_Layer
      value: 10
      objectReference: {fileID: 0}
    - target: {fileID: 1662534372492829112, guid: 9da5c39b7b8bc614da9906dffd9f7e10,
        type: 3}
      propertyPath: m_Layer
      value: 10
      objectReference: {fileID: 0}
    - target: {fileID: 161266035016787444, guid: 9da5c39b7b8bc614da9906dffd9f7e10,
        type: 3}
      propertyPath: m_Layer
      value: 10
      objectReference: {fileID: 0}
    - target: {fileID: -5451565518417144970, guid: 9da5c39b7b8bc614da9906dffd9f7e10,
        type: 3}
      propertyPath: m_Layer
      value: 10
      objectReference: {fileID: 0}
    - target: {fileID: -2418483777315402979, guid: 9da5c39b7b8bc614da9906dffd9f7e10,
        type: 3}
      propertyPath: m_Layer
      value: 10
      objectReference: {fileID: 0}
    - target: {fileID: -2641871607057609022, guid: 9da5c39b7b8bc614da9906dffd9f7e10,
        type: 3}
      propertyPath: m_Layer
      value: 10
      objectReference: {fileID: 0}
    - target: {fileID: -404514236858080188, guid: 9da5c39b7b8bc614da9906dffd9f7e10,
        type: 3}
      propertyPath: m_Layer
      value: 10
      objectReference: {fileID: 0}
    - target: {fileID: 7634098286193930938, guid: 9da5c39b7b8bc614da9906dffd9f7e10,
        type: 3}
      propertyPath: m_Layer
      value: 10
      objectReference: {fileID: 0}
    - target: {fileID: -7589542814618883254, guid: 9da5c39b7b8bc614da9906dffd9f7e10,
        type: 3}
      propertyPath: m_Layer
      value: 10
      objectReference: {fileID: 0}
    - target: {fileID: 1401011054992182494, guid: 9da5c39b7b8bc614da9906dffd9f7e10,
        type: 3}
      propertyPath: m_Layer
      value: 10
      objectReference: {fileID: 0}
    - target: {fileID: 2014207769570917869, guid: 9da5c39b7b8bc614da9906dffd9f7e10,
        type: 3}
      propertyPath: m_Layer
      value: 10
      objectReference: {fileID: 0}
    - target: {fileID: -8376043535013209686, guid: 9da5c39b7b8bc614da9906dffd9f7e10,
        type: 3}
      propertyPath: m_Layer
      value: 10
      objectReference: {fileID: 0}
    - target: {fileID: 2635143325980444033, guid: 9da5c39b7b8bc614da9906dffd9f7e10,
        type: 3}
      propertyPath: m_Layer
      value: 10
      objectReference: {fileID: 0}
    - target: {fileID: 6915524096123820211, guid: 9da5c39b7b8bc614da9906dffd9f7e10,
        type: 3}
      propertyPath: m_Layer
      value: 10
      objectReference: {fileID: 0}
    - target: {fileID: 6441383693857464078, guid: 9da5c39b7b8bc614da9906dffd9f7e10,
        type: 3}
      propertyPath: m_Layer
      value: 10
      objectReference: {fileID: 0}
    - target: {fileID: -3949152564977567568, guid: 9da5c39b7b8bc614da9906dffd9f7e10,
        type: 3}
      propertyPath: m_Layer
      value: 10
      objectReference: {fileID: 0}
    - target: {fileID: 7460434086830587875, guid: 9da5c39b7b8bc614da9906dffd9f7e10,
        type: 3}
      propertyPath: m_Layer
      value: 10
      objectReference: {fileID: 0}
    - target: {fileID: -8516005792813872781, guid: 9da5c39b7b8bc614da9906dffd9f7e10,
        type: 3}
      propertyPath: m_Layer
      value: 10
      objectReference: {fileID: 0}
    - target: {fileID: 6485625859553319655, guid: 9da5c39b7b8bc614da9906dffd9f7e10,
        type: 3}
      propertyPath: m_Layer
      value: 10
      objectReference: {fileID: 0}
    - target: {fileID: -2771662792577911175, guid: 9da5c39b7b8bc614da9906dffd9f7e10,
        type: 3}
      propertyPath: m_Layer
      value: 10
      objectReference: {fileID: 0}
    - target: {fileID: -4604581690085630676, guid: 9da5c39b7b8bc614da9906dffd9f7e10,
        type: 3}
      propertyPath: m_Layer
      value: 10
      objectReference: {fileID: 0}
    - target: {fileID: 5667514658987622313, guid: 9da5c39b7b8bc614da9906dffd9f7e10,
        type: 3}
      propertyPath: m_Layer
      value: 10
      objectReference: {fileID: 0}
    - target: {fileID: -773015724006222050, guid: 9da5c39b7b8bc614da9906dffd9f7e10,
        type: 3}
      propertyPath: m_Layer
      value: 10
      objectReference: {fileID: 0}
    - target: {fileID: 8164130249200020979, guid: 9da5c39b7b8bc614da9906dffd9f7e10,
        type: 3}
      propertyPath: m_Layer
      value: 10
      objectReference: {fileID: 0}
    - target: {fileID: -1738197483969303, guid: 9da5c39b7b8bc614da9906dffd9f7e10,
        type: 3}
      propertyPath: m_Layer
      value: 10
      objectReference: {fileID: 0}
    - target: {fileID: -1945648898623866772, guid: 9da5c39b7b8bc614da9906dffd9f7e10,
        type: 3}
      propertyPath: m_Layer
      value: 10
      objectReference: {fileID: 0}
    - target: {fileID: 1343001670709650164, guid: 9da5c39b7b8bc614da9906dffd9f7e10,
        type: 3}
      propertyPath: m_Layer
      value: 10
      objectReference: {fileID: 0}
    - target: {fileID: 1286714580947469253, guid: 9da5c39b7b8bc614da9906dffd9f7e10,
        type: 3}
      propertyPath: m_Layer
      value: 10
      objectReference: {fileID: 0}
    - target: {fileID: -6599519456017948139, guid: 9da5c39b7b8bc614da9906dffd9f7e10,
        type: 3}
      propertyPath: m_Layer
      value: 10
      objectReference: {fileID: 0}
    - target: {fileID: -8733672348123611604, guid: 9da5c39b7b8bc614da9906dffd9f7e10,
        type: 3}
      propertyPath: m_Layer
      value: 10
      objectReference: {fileID: 0}
    - target: {fileID: -6190122955639018155, guid: 9da5c39b7b8bc614da9906dffd9f7e10,
        type: 3}
      propertyPath: m_Layer
      value: 10
      objectReference: {fileID: 0}
    - target: {fileID: 7492166784374636211, guid: 9da5c39b7b8bc614da9906dffd9f7e10,
        type: 3}
      propertyPath: m_Layer
      value: 10
      objectReference: {fileID: 0}
    - target: {fileID: -1964085562912883289, guid: 9da5c39b7b8bc614da9906dffd9f7e10,
        type: 3}
      propertyPath: m_Layer
      value: 10
      objectReference: {fileID: 0}
    - target: {fileID: -7167768895906380926, guid: 9da5c39b7b8bc614da9906dffd9f7e10,
        type: 3}
      propertyPath: m_Layer
      value: 10
      objectReference: {fileID: 0}
    - target: {fileID: -5930045637189762108, guid: 9da5c39b7b8bc614da9906dffd9f7e10,
        type: 3}
      propertyPath: m_Layer
      value: 10
      objectReference: {fileID: 0}
    - target: {fileID: 6159682854871670081, guid: 9da5c39b7b8bc614da9906dffd9f7e10,
        type: 3}
      propertyPath: m_Layer
      value: 10
      objectReference: {fileID: 0}
    - target: {fileID: 5123787595691358254, guid: 9da5c39b7b8bc614da9906dffd9f7e10,
        type: 3}
      propertyPath: m_Layer
      value: 10
      objectReference: {fileID: 0}
    - target: {fileID: -5753089419059907189, guid: 9da5c39b7b8bc614da9906dffd9f7e10,
        type: 3}
      propertyPath: m_Layer
      value: 10
      objectReference: {fileID: 0}
    - target: {fileID: 3412626655519790023, guid: 9da5c39b7b8bc614da9906dffd9f7e10,
        type: 3}
      propertyPath: m_Layer
      value: 10
      objectReference: {fileID: 0}
    - target: {fileID: -3392883853502423430, guid: 9da5c39b7b8bc614da9906dffd9f7e10,
        type: 3}
      propertyPath: m_Layer
      value: 10
      objectReference: {fileID: 0}
    - target: {fileID: -7551398136165543123, guid: 9da5c39b7b8bc614da9906dffd9f7e10,
        type: 3}
      propertyPath: m_Layer
      value: 10
      objectReference: {fileID: 0}
    - target: {fileID: -6994207799463089947, guid: 9da5c39b7b8bc614da9906dffd9f7e10,
        type: 3}
      propertyPath: m_Layer
      value: 10
      objectReference: {fileID: 0}
    - target: {fileID: -4634681892573474364, guid: 9da5c39b7b8bc614da9906dffd9f7e10,
        type: 3}
      propertyPath: m_Layer
      value: 10
      objectReference: {fileID: 0}
    - target: {fileID: 6632580578029999436, guid: 9da5c39b7b8bc614da9906dffd9f7e10,
        type: 3}
      propertyPath: m_Layer
      value: 10
      objectReference: {fileID: 0}
    - target: {fileID: 7366380237751707849, guid: 9da5c39b7b8bc614da9906dffd9f7e10,
        type: 3}
      propertyPath: m_Layer
      value: 10
      objectReference: {fileID: 0}
    - target: {fileID: 8046688849872037100, guid: 9da5c39b7b8bc614da9906dffd9f7e10,
        type: 3}
      propertyPath: m_Layer
      value: 10
      objectReference: {fileID: 0}
    - target: {fileID: 1885394693141963544, guid: 9da5c39b7b8bc614da9906dffd9f7e10,
        type: 3}
      propertyPath: m_Layer
      value: 10
      objectReference: {fileID: 0}
    - target: {fileID: -8511009771986308319, guid: 9da5c39b7b8bc614da9906dffd9f7e10,
        type: 3}
      propertyPath: m_Layer
      value: 10
      objectReference: {fileID: 0}
    - target: {fileID: 3114194918419314568, guid: 9da5c39b7b8bc614da9906dffd9f7e10,
        type: 3}
      propertyPath: m_Layer
      value: 10
      objectReference: {fileID: 0}
    - target: {fileID: 6122915635156059457, guid: 9da5c39b7b8bc614da9906dffd9f7e10,
        type: 3}
      propertyPath: m_Layer
      value: 10
      objectReference: {fileID: 0}
    - target: {fileID: -4527603855370733683, guid: 9da5c39b7b8bc614da9906dffd9f7e10,
        type: 3}
      propertyPath: m_Layer
      value: 10
      objectReference: {fileID: 0}
    - target: {fileID: 4666856280600405681, guid: 9da5c39b7b8bc614da9906dffd9f7e10,
        type: 3}
      propertyPath: m_Layer
      value: 10
      objectReference: {fileID: 0}
    - target: {fileID: -3616303462149649691, guid: 9da5c39b7b8bc614da9906dffd9f7e10,
        type: 3}
      propertyPath: m_Layer
      value: 10
      objectReference: {fileID: 0}
    - target: {fileID: -3822687473420350514, guid: 9da5c39b7b8bc614da9906dffd9f7e10,
        type: 3}
      propertyPath: m_Layer
      value: 10
      objectReference: {fileID: 0}
    - target: {fileID: 8296661991879613720, guid: 9da5c39b7b8bc614da9906dffd9f7e10,
        type: 3}
      propertyPath: m_Layer
      value: 10
      objectReference: {fileID: 0}
    - target: {fileID: 9152839052815997870, guid: 9da5c39b7b8bc614da9906dffd9f7e10,
        type: 3}
      propertyPath: m_Layer
      value: 10
      objectReference: {fileID: 0}
    m_RemovedComponents: []
  m_SourcePrefab: {fileID: 100100000, guid: 9da5c39b7b8bc614da9906dffd9f7e10, type: 3}
--- !u!1 &3389056113703192545 stripped
GameObject:
  m_CorrespondingSourceObject: {fileID: -927199367670048503, guid: 9da5c39b7b8bc614da9906dffd9f7e10,
    type: 3}
  m_PrefabInstance: {fileID: 6641038696477515496}
  m_PrefabAsset: {fileID: 0}
--- !u!4 &1824803703076681202 stripped
Transform:
  m_CorrespondingSourceObject: {fileID: -4216859302048453862, guid: 9da5c39b7b8bc614da9906dffd9f7e10,
    type: 3}
  m_PrefabInstance: {fileID: 6641038696477515496}
  m_PrefabAsset: {fileID: 0}
--- !u!95 &8635936565419792520 stripped
Animator:
  m_CorrespondingSourceObject: {fileID: -6057140222963153312, guid: 9da5c39b7b8bc614da9906dffd9f7e10,
    type: 3}
  m_PrefabInstance: {fileID: 6641038696477515496}
  m_PrefabAsset: {fileID: 0}
--- !u!4 &2319054641420838198 stripped
Transform:
  m_CorrespondingSourceObject: {fileID: -286160635979990050, guid: 9da5c39b7b8bc614da9906dffd9f7e10,
    type: 3}
  m_PrefabInstance: {fileID: 6641038696477515496}
  m_PrefabAsset: {fileID: 0}
