%YAML 1.1
%TAG !u! tag:unity3d.com,2011:
--- !u!1 &6193449073041500330
GameObject:
  m_ObjectHideFlags: 0
  m_CorrespondingSourceObject: {fileID: 0}
  m_PrefabInstance: {fileID: 0}
  m_PrefabAsset: {fileID: 0}
  serializedVersion: 6
  m_Component:
  - component: {fileID: 6193449073041500320}
  - component: {fileID: 6193449073041500335}
  - component: {fileID: 6193449073041500334}
  - component: {fileID: 6193449073041500333}
  - component: {fileID: 6193449073041500331}
  - component: {fileID: 2860392898025459796}
  - component: {fileID: 3205920199124256703}
  m_Layer: 9
  m_Name: granada Recolectable
  m_TagString: Untagged
  m_Icon: {fileID: 0}
  m_NavMeshLayer: 0
  m_StaticEditorFlags: 0
  m_IsActive: 1
--- !u!4 &6193449073041500320
Transform:
  m_ObjectHideFlags: 0
  m_CorrespondingSourceObject: {fileID: 0}
  m_PrefabInstance: {fileID: 0}
  m_PrefabAsset: {fileID: 0}
  m_GameObject: {fileID: 6193449073041500330}
  m_LocalRotation: {x: 0, y: 0, z: 0, w: 1}
  m_LocalPosition: {x: 1.791441, y: 0.59, z: 1.5338593}
  m_LocalScale: {x: 0.20821, y: 0.20821, z: 0.20821}
  m_Children: []
  m_Father: {fileID: 0}
  m_RootOrder: 0
  m_LocalEulerAnglesHint: {x: 0, y: 0, z: 0}
--- !u!33 &6193449073041500335
MeshFilter:
  m_ObjectHideFlags: 0
  m_CorrespondingSourceObject: {fileID: 0}
  m_PrefabInstance: {fileID: 0}
  m_PrefabAsset: {fileID: 0}
  m_GameObject: {fileID: 6193449073041500330}
  m_Mesh: {fileID: 10207, guid: 0000000000000000e000000000000000, type: 0}
--- !u!23 &6193449073041500334
MeshRenderer:
  m_ObjectHideFlags: 0
  m_CorrespondingSourceObject: {fileID: 0}
  m_PrefabInstance: {fileID: 0}
  m_PrefabAsset: {fileID: 0}
  m_GameObject: {fileID: 6193449073041500330}
  m_Enabled: 1
  m_CastShadows: 1
  m_ReceiveShadows: 1
  m_DynamicOccludee: 1
  m_MotionVectors: 1
  m_LightProbeUsage: 1
  m_ReflectionProbeUsage: 1
  m_RenderingLayerMask: 1
  m_RendererPriority: 0
  m_Materials:
  - {fileID: 10303, guid: 0000000000000000f000000000000000, type: 0}
  m_StaticBatchInfo:
    firstSubMesh: 0
    subMeshCount: 0
  m_StaticBatchRoot: {fileID: 0}
  m_ProbeAnchor: {fileID: 0}
  m_LightProbeVolumeOverride: {fileID: 0}
  m_ScaleInLightmap: 1
  m_ReceiveGI: 1
  m_PreserveUVs: 0
  m_IgnoreNormalsForChartDetection: 0
  m_ImportantGI: 0
  m_StitchLightmapSeams: 1
  m_SelectedEditorRenderState: 3
  m_MinimumChartSize: 4
  m_AutoUVMaxDistance: 0.5
  m_AutoUVMaxAngle: 89
  m_LightmapParameters: {fileID: 0}
  m_SortingLayerID: 0
  m_SortingLayer: 0
  m_SortingOrder: 0
--- !u!135 &6193449073041500333
SphereCollider:
  m_ObjectHideFlags: 0
  m_CorrespondingSourceObject: {fileID: 0}
  m_PrefabInstance: {fileID: 0}
  m_PrefabAsset: {fileID: 0}
  m_GameObject: {fileID: 6193449073041500330}
  m_Material: {fileID: 0}
  m_IsTrigger: 1
  m_Enabled: 1
  serializedVersion: 2
  m_Radius: 0.5
  m_Center: {x: 0, y: 0, z: 0}
--- !u!54 &6193449073041500331
Rigidbody:
  m_ObjectHideFlags: 0
  m_CorrespondingSourceObject: {fileID: 0}
  m_PrefabInstance: {fileID: 0}
  m_PrefabAsset: {fileID: 0}
  m_GameObject: {fileID: 6193449073041500330}
  serializedVersion: 2
  m_Mass: 1
  m_Drag: 0
  m_AngularDrag: 0.05
  m_UseGravity: 0
  m_IsKinematic: 0
  m_Interpolate: 0
  m_Constraints: 0
  m_CollisionDetection: 0
--- !u!114 &2860392898025459796
MonoBehaviour:
  m_ObjectHideFlags: 0
  m_CorrespondingSourceObject: {fileID: 0}
  m_PrefabInstance: {fileID: 0}
  m_PrefabAsset: {fileID: 0}
  m_GameObject: {fileID: 6193449073041500330}
  m_Enabled: 1
  m_EditorHideFlags: 0
  m_Script: {fileID: -36112512, guid: 5b00bf8b25851d440940a40ec23344f4, type: 3}
  m_Name: 
  m_EditorClassIdentifier: 
  _sceneGuid: 
  _serializerGuid: 5ca31d40-a2fb-441b-ac8b-aed3459c0d35
  _prefabId: 5
  _updateRate: 1
  _autoFreezeProxyFrames: 0
  _clientPredicted: 1
  _allowInstantiateOnClient: 1
  _persistThroughSceneLoads: 0
  _sceneObjectDestroyOnDetach: 1
  _sceneObjectAutoAttach: 1
  _alwaysProxy: 0
  _detachOnDisable: 1
  _allowFirstReplicationWhenFrozen: 0
  _autoRemoveChildEntities: 0
  _entityBehaviourQueryOption: 0
  _entityPriorityCalculatorQueryOption: 0
  _entityReplicationFilterQueryOption: 0
--- !u!114 &3205920199124256703
MonoBehaviour:
  m_ObjectHideFlags: 0
  m_CorrespondingSourceObject: {fileID: 0}
  m_PrefabInstance: {fileID: 0}
  m_PrefabAsset: {fileID: 0}
  m_GameObject: {fileID: 6193449073041500330}
  m_Enabled: 1
  m_EditorHideFlags: 0
  m_Script: {fileID: 11500000, guid: 5a30f39097a544b4386fcf6f7693d4ae, type: 3}
  m_Name: 
  m_EditorClassIdentifier: 
  prefabRecolectable: {fileID: 3647571660844228917, guid: c6688ff0f633f9247a3d80730de89eab,
    type: 3}
  recogido: 0
