%YAML 1.1
%TAG !u! tag:unity3d.com,2011:
--- !u!1 &6697090451452574885
GameObject:
  m_ObjectHideFlags: 0
  m_CorrespondingSourceObject: {fileID: 0}
  m_PrefabInstance: {fileID: 0}
  m_PrefabAsset: {fileID: 0}
  serializedVersion: 6
  m_Component:
  - component: {fileID: 7686379646743170742}
  - component: {fileID: 5320157599678305298}
  m_Layer: 0
  m_Name: PocionConsumible
  m_TagString: Untagged
  m_Icon: {fileID: 0}
  m_NavMeshLayer: 0
  m_StaticEditorFlags: 0
  m_IsActive: 1
--- !u!4 &7686379646743170742
Transform:
  m_ObjectHideFlags: 0
  m_CorrespondingSourceObject: {fileID: 0}
  m_PrefabInstance: {fileID: 0}
  m_PrefabAsset: {fileID: 0}
  m_GameObject: {fileID: 6697090451452574885}
  m_LocalRotation: {x: 0, y: 0, z: 0, w: 1}
  m_LocalPosition: {x: -0.067463, y: 6.1473, z: -8.2068}
  m_LocalScale: {x: 0.037752602, y: 0.037752602, z: 0.037752602}
  m_Children:
  - {fileID: 8202784813333229452}
  m_Father: {fileID: 0}
  m_RootOrder: 0
  m_LocalEulerAnglesHint: {x: 0, y: 0, z: 0}
--- !u!114 &5320157599678305298
MonoBehaviour:
  m_ObjectHideFlags: 0
  m_CorrespondingSourceObject: {fileID: 0}
  m_PrefabInstance: {fileID: 0}
  m_PrefabAsset: {fileID: 0}
  m_GameObject: {fileID: 6697090451452574885}
  m_Enabled: 1
  m_EditorHideFlags: 0
  m_Script: {fileID: 11500000, guid: 6749fbfdfb43ff24aa2d0aab4263af48, type: 3}
  m_Name: 
  m_EditorClassIdentifier: 
  identificador: 
  imagenInventario: {fileID: 3323863379439669636, guid: d460982d8cc1a2341a3b0c12570986f2,
    type: 3}
  prefabParaDropear: {fileID: 7400157098615909679, guid: ea12bebf88252ab48bd0aff2668ebee1,
    type: 3}
  inventaryIndex: 0
  inventario: {fileID: 0}
  precio: 50
  Tipo: 0
--- !u!1 &7069998934901866699
GameObject:
  m_ObjectHideFlags: 0
  m_CorrespondingSourceObject: {fileID: 0}
  m_PrefabInstance: {fileID: 0}
  m_PrefabAsset: {fileID: 0}
  serializedVersion: 6
  m_Component:
  - component: {fileID: 8202784813333229452}
  m_Layer: 0
  m_Name: Pocion
  m_TagString: Untagged
  m_Icon: {fileID: 0}
  m_NavMeshLayer: 0
  m_StaticEditorFlags: 0
  m_IsActive: 1
--- !u!4 &8202784813333229452
Transform:
  m_ObjectHideFlags: 0
  m_CorrespondingSourceObject: {fileID: 0}
  m_PrefabInstance: {fileID: 0}
  m_PrefabAsset: {fileID: 0}
  m_GameObject: {fileID: 7069998934901866699}
  m_LocalRotation: {x: 0.2742668, y: -0.04379656, z: 0.06550731, w: 0.9584197}
  m_LocalPosition: {x: 0.55, y: -4.72, z: -1.65}
  m_LocalScale: {x: 1, y: 1, z: 1}
  m_Children:
  - {fileID: 6608164363000458961}
  m_Father: {fileID: 7686379646743170742}
  m_RootOrder: 0
  m_LocalEulerAnglesHint: {x: 32.104, y: -3.2500002, z: 6.885}
--- !u!1001 &2219815795734611403
PrefabInstance:
  m_ObjectHideFlags: 0
  serializedVersion: 2
  m_Modification:
    m_TransformParent: {fileID: 8202784813333229452}
    m_Modifications:
    - target: {fileID: -927199367670048503, guid: 148748a0f14fb23448be1324aeff813f,
        type: 3}
      propertyPath: m_Name
      value: JERINGUILLA
      objectReference: {fileID: 0}
    - target: {fileID: -4216859302048453862, guid: 148748a0f14fb23448be1324aeff813f,
        type: 3}
      propertyPath: m_LocalPosition.x
      value: 0.82
      objectReference: {fileID: 0}
    - target: {fileID: -4216859302048453862, guid: 148748a0f14fb23448be1324aeff813f,
        type: 3}
      propertyPath: m_LocalPosition.y
      value: 6.21
      objectReference: {fileID: 0}
    - target: {fileID: -4216859302048453862, guid: 148748a0f14fb23448be1324aeff813f,
        type: 3}
      propertyPath: m_LocalPosition.z
      value: -0.49
      objectReference: {fileID: 0}
    - target: {fileID: -4216859302048453862, guid: 148748a0f14fb23448be1324aeff813f,
        type: 3}
      propertyPath: m_LocalRotation.x
      value: -0.12336102
      objectReference: {fileID: 0}
    - target: {fileID: -4216859302048453862, guid: 148748a0f14fb23448be1324aeff813f,
        type: 3}
      propertyPath: m_LocalRotation.y
      value: -0.9192701
      objectReference: {fileID: 0}
    - target: {fileID: -4216859302048453862, guid: 148748a0f14fb23448be1324aeff813f,
        type: 3}
      propertyPath: m_LocalRotation.z
      value: 0.24596192
      objectReference: {fileID: 0}
    - target: {fileID: -4216859302048453862, guid: 148748a0f14fb23448be1324aeff813f,
        type: 3}
      propertyPath: m_LocalRotation.w
      value: -0.2814734
      objectReference: {fileID: 0}
    - target: {fileID: -4216859302048453862, guid: 148748a0f14fb23448be1324aeff813f,
        type: 3}
      propertyPath: m_RootOrder
      value: 0
      objectReference: {fileID: 0}
    - target: {fileID: -4216859302048453862, guid: 148748a0f14fb23448be1324aeff813f,
        type: 3}
      propertyPath: m_LocalEulerAnglesHint.x
      value: 31.443
      objectReference: {fileID: 0}
    - target: {fileID: -4216859302048453862, guid: 148748a0f14fb23448be1324aeff813f,
        type: 3}
      propertyPath: m_LocalEulerAnglesHint.y
      value: -212.374
      objectReference: {fileID: 0}
    - target: {fileID: -4216859302048453862, guid: 148748a0f14fb23448be1324aeff813f,
        type: 3}
      propertyPath: m_LocalEulerAnglesHint.z
      value: 5.9430003
      objectReference: {fileID: 0}
    - target: {fileID: -4216859302048453862, guid: 148748a0f14fb23448be1324aeff813f,
        type: 3}
      propertyPath: m_LocalScale.x
      value: 45.79501
      objectReference: {fileID: 0}
    - target: {fileID: -4216859302048453862, guid: 148748a0f14fb23448be1324aeff813f,
        type: 3}
      propertyPath: m_LocalScale.y
      value: 45.79501
      objectReference: {fileID: 0}
    - target: {fileID: -4216859302048453862, guid: 148748a0f14fb23448be1324aeff813f,
        type: 3}
      propertyPath: m_LocalScale.z
      value: 45.794994
      objectReference: {fileID: 0}
    m_RemovedComponents: []
  m_SourcePrefab: {fileID: 100100000, guid: 148748a0f14fb23448be1324aeff813f, type: 3}
--- !u!4 &6608164363000458961 stripped
Transform:
  m_CorrespondingSourceObject: {fileID: -4216859302048453862, guid: 148748a0f14fb23448be1324aeff813f,
    type: 3}
  m_PrefabInstance: {fileID: 2219815795734611403}
  m_PrefabAsset: {fileID: 0}
